2200 3519
586 211 753 250 LlBER
786 210 848 262 11,
878 205 944 248 21.
970 207 1036 250 23.
1113 201 1183 263 [A.
1224 213 1276 250 u.
1309 196 1541 265 amat-488]
1896 201 1997 253 153

142 350 424 391 decessisset.
483 350 658 395 Cineas.
691 356 849 403 postea
880 365 906 392 a
940 366 1046 405 rege
1078 354 1407 407 interrogatus,
1433 356 1544 407 quid
1570 357 1625 396 de
1654 356 1858 397 hostium
1880 353 1998 395 sede¹

143 417 365 468 sentIret²‚
392 419 552 458 urbem
574 420 799 471 templum
822 422 909 462 sibi
930 423 1091 471 visam,
1112 428 1322 463 senatum
1345 437 1506 477 regum
1529 426 1769 466 consilium
1791 426 1868 465 ait.

268 522 577 556 coonnnmmon
594 523 816 557 continued.
863 524 1017 559 Review
1035 525 1182 566 objects
1200 527 1242 559 of
1257 527 1401 568 ΡΒΑΟΕ,
1420 528 1525 560 ΤῙΜΕ
1543 528 1618 560 and
1635 527 1865 569 QUANTITY.

196 593 341 634 XXII.
378 594 486 634 Post
518 595 692 634 cladem
722 595 1090 636 Heracleensem³
1117 597 1359 646 Samnites,
1386 598 1571 646 Lucani,
1597 598 1766 638 Bruttii
1790 610 1815 639 a
1836 598 1996 639 Roma-

150 663 220 703 nis
242 663 545 711 desciverunt,
571 665 813 715 copiasque
836 677 942 705 suas
963 666 1086 717 regis
1109 668 1330 706 exercitui
1364 668 1691 719 adjunxerunt.
1756 666 1862 718 Ipse
1884 666 1996 719 Pyr-

142 731 254 771 rhus
275 732 331 770 ad
354 733 496 771 socios
519 732 827 772 Romanorum
848 734 1107 774 tentandos⁴²
1131 736 1384 774 exercitum
1406 736 1453 774 in
1475 735 1657 775 Latium
1674 735 1997 787 Etruriamque

141 801 369 851 perduxit.
435 800 584 848 Quum
606 814 682 841 eos
707 815 856 853 neque
878 803 924 841 vi
946 816 1095 854 neque
1113 804 1429 854 persuadendo
1447 811 1627 844 movere
1646 808 1812 855 posset,
1835 806 1998 844 exerci-

142 874 240 908 tum
262 870 309 908 in
332 869 512 909 Italiam
534 871 799 909 inferiorem
834 871 882 910 111
917 870 1110 911 hiberna
1144 872 1290 912 duxit.
1350 873 1504 912 Primo
1542 873 1665 912 vere⁵
1690 875 1856 913 iterum
1894 887 1996 913 cum

142 935 359 974 Romanis
389 935 446 974 ad
481 937 705 975 Asculum
727 937 944 977 conflixit.
1009 937 1056 985 Q.
1094 938 1330 978 Fabricius
1362 944 1406 977 et
1434 938 1599 978 Curius
1631 939 1875 985 Dentatus,
1898 952 1997 978 con-

142 1004 266 1044 sules
288 1003 495 1051 Romani,
531 1009 712 1044 summa
742 1006 914 1045 virtute
945 1007 1288 1047 contenderunt.
1353 1007 1559 1058 Pyrrhus
1589 1011 1755 1056 tamen,
1790 1008 1869 1058 qui
1900 1020 1997 1046 con-

143 1073 244 1113 silio
279 1071 487 1112 militaria
522 1073 750 1114 Romanos
786 1075 925 1114 (luces
966 1075 1239 1126 superareff,
1284 1076 1429 1115 victo-r
1471 1089 1527 1115 ex
1569 1082 1726 1128 pugna
1766 1074 1991 1116 excessitss.

142 1141 304 1192 Neque
326 1155 433 1181 vero
454 1141 550 1182 haec
570 1143 759 1182 victoria
780 1143 886 1194 plus
908 1144 1006 1195 regi
1028 1144 1206 1194 profuit
1228 1156 1366 1195 quam
1397 1145 1532 1195 prior.
1596 1144 1698 1183 Non
1728 1145 1849 1183 enim
1880 1145 1995 1183 inse-

140 1211 219 1262 qui
241 1210 420 1250 hostem
440 1224 582 1251 ausus
604 1215 686 1259 est,
712 1215 756 1250 et
779 1211 968 1251 Romani
1004 1213 1130 1264 justo
1153 1211 1353 1264 agmine⁹
1378 1225 1424 1252 se
1454 1214 1501 1251 in
1532 1217 1679 1253 castra
1709 1217 1989 1264 receperunt.

141 1280 329 1320 Postero
361 1281 434 1320 die
470 1293 565 1331 rex,
601 1293 745 1331 quum
782 1279 973 1320 florem¹⁰
1007 1281 1208 1320 militum
1242 1286 1431 1321 suorum
1462 1281 1594 1320 humi
1629 1282 1858 1334 jacentem
1895 1294 1993 1320 con-

140 1351 379 1401 spexisset,
400 1353 445 1389 et
476 1349 601 1389 haud
633 1350 779 1388 multo
812 1351 1027 1401 pauciora
1057 1349 1278 1390 suc->rum11
1299 1362 1437 1401 quam
1468 1351 1777 1390 Romanorum
1809 1363 1993 1401 corpora

139 1421 401 1468 invenisset,
423 1419 702 1458 exclamasse
724 1419 915 1458 dicitur:
967 1421 988 1438 ‘⁴
1010 1419 1172 1459 Perdet
1201 1431 1269 1458 me
1301 1418 1478 1459 alteram
1513 1420 1728 1471 ejusmodo·
1763 1419 1992 1459 victoria.'’

139 1487 270 1527 Nihil
291 1488 452 1527 deinde
475 1487 770 1526 memorabile
793 1500 844 1526 eo
865 1500 982 1526 anno
1003 1488 1158 1539 gessit.
1225 1487 1490 1538 Insequenti
1509 1496 1664 1527 autem
1686 1500 1802 1526 anno
1819 1488 1865 1526 in
1889 1486 1992 1526 Sici-

138 1556 248 1596 liam
278 1557 472 1609 trajecit,
494 1555 582 1595 ut¹³
617 1556 914 1608 Syracusanis
951 1560 1106 1595 contra
1143 1555 1543 1607 Carthaginienses
1573 1556 1800 1595 auxilium
1834 1556 1988 1595 ferret.

140 1625 258 1665 Tum
295 1626 490 1666 Romani
523 1626 666 1666 socios
701 1626 781 1676 qui
817 1625 872 1664 ad
909 1624 1140 1676 Pyrrhum
1175 1625 1438 1664 defecerant
1471 1626 1609 1664 armis
1640 1626 1687 1663 in
1718 1629 1994 1675 potestatem

142 1709 271 1737 suam
294 1695 583 1747 redegerunt,
610 1696 674 1733 ita
697 1699 747 1734 ut
768 1693 990 1746 Pyrrhus,
1016 1694 1195 1735 rediens
1219 1707 1273 1733 ex
1298 1693 1465 1741 Sicilia,
1491 1694 1569 1732 ubi
1591 1697 1682 1732 tres
1714 1705 1854 1732 annos
1877 1705 1994 1731 com-

139 1770 345 1805 moratus
368 1768 478 1811 erat,
505 1776 551 1803 se
573 1764 630 1802 ab
651 1763 864 1802 omnibus
897 1763 1029 1803 sociis
1061 1766 1224 1814 praeter
1245 1763 1516 1802 Tarentinos
1547 1763 1778 1802 desertum
1800 1761 1989 1801 videret.

138 1834 303 1873 Curius
330 1833 556 1872 Dentatus
578 1845 734 1884 regem
756 1833 898 1871 atroci
920 1832 1081 1883 proelio
1116 1832 1286 1871 devicit
1309 1832 1366 1870 ad
1388 1831 1717 1878 Maleventum,
1731 1830 1851 1881 quod
1871 1831 1994 1881 oppi-

140 1902 251 1941 dum
286 1914 342 1941 ex
378 1901 463 1940 hoc
496 1905 701 1952 tempore
737 1900 1053 1940 Beneventum
1087 1904 1302 1939 vocatum
1325 1903 1405 1940 est.
1466 1899 1672 1952 Pyrrhus
1703 1912 1806 1938 cum
1836 1899 1993 1949 paucis

139 1971 371 2021 equitibus
395 1982 450 2009 ex
474 1971 589 2021 fuga
624 1970 873 2008 Tarentum
910 1968 1167 2020 pervcnit¹⁴²‚
1194 1969 1314 2008 unde
1349 1969 1525 2019 aliquot
1560 1968 1720 2007 diebus
1755 1971 1858 2018 post
1894 1967 1994 2005 reli-

139 2040 270 2090 quias
292 2039 521 2078 exercitus
543 2039 614 2078 sui
637 2038 832 2077 navibus
853 2038 901 2076 in
931 2038 1150 2076 Graeciam
1181 2037 1446 2088 reportavit.
1511 2036 1702 2075 Romani
1734 2036 1993 2074 Tarentinis

139 2123 263 2150 arma
285 2115 331 2150 et
354 2111 544 2150 classem
567 2110 852 2157 ademerunt,
878 2114 923 2148 et
953 2109 1216 2160 praesidium
1248 2109 1295 2147 in
1325 2121 1426 2147 arce
1457 2108 1750 2147 collocarunt.
1814 2105 1883 2145 Ita
1904 2118 1994 2145 om-

138 2180 209 2218 nis
232 2178 365 2218 Italia
387 2180 432 2217 in
457 2183 729 2229 potestatem
751 2178 913 2229 populi
935 2177 1127 2216 Romani
1148 2177 1329 2215 redacta
1351 2180 1432 2216 est.

260 2277 462 2313 ΡΒΕΞΕΝΤ,
482 2277 683 2315 szrnc'r,
703 2276 970 2309 PLUPERFECT
984 2275 1060 2308 and
1077 2276 1310 2308 IMPERFECT
1327 2275 1483 2307 Tnusns
1499 2273 1635 2314 (Study
1652 2273 1690 2314 ἓξ
1706 2272 1880 2313 329-336).

195 2349 368 2389 XXIII.
404 2350 537 2388 Anno
568 2349 624 2387 ab
660 2348 771 2387 urbe
808 2348 989 2387 condita
1024 2346 1476 2398 quadringentesimo
1508 2345 1782 2396 octogesimo
1817 2348 1988 2390 octavo,

139 2417 417 2466 Mamertiiii,
459 2418 622 2457 Siciliae
659 2418 820 2457 insulae
857 2417 1031 2464 civitas,
1071 2416 1298 2467 auxilium
1338 2427 1364 2453 a
1397 2417 1560 2454 senatu
1596 2413 1799 2452 Romano
1839 2419 1993 2451 contra

139 2486 400 2534 Hieronem,
429 2486 757 2538 Syracusarum
779 2498 947 2537 regem,
963 2486 1209 2536 petierunt.
1273 2484 1457 2535 Legatis
1475 2483 1669 2533 benigne
1688 2479 1989 2531 responsum¹5

140 2556 195 2594 ab
217 2560 389 2595 senatu.
450 2555 646 2606 Magnus
677 2555 906 2593 exercitus
929 2555 975 2592 in
999 2553 1200 2593 Siciliam
1235 2553 1457 2605 trajectus
1489 2556 1556 2590 est
1578 2551 1693 2589 duce
1724 2549 1782 2589 M.
1810 2548 1992 2586 Valerio

141 2625 370 2672 Messalla,
397 2625 476 2675 qui
498 2624 713 2664 Hieronis
745 2628 790 2662 et
822 2622 1270 2674 Carthaginiensium
1301 2622 1551 2660 exercitum
1582 2619 1704 2669 apud
1734 2617 1990 2656 Messanam

141 2694 303 2745 proelio
325 2694 508 2732 devicit.
572 2692 669 2731 Ηῖιο
692 2696 847 2743 pugna
870 2692 1006 2738 facta,
1027 2690 1165 2729 Hiero
1187 2694 1230 2728 et
1253 2690 1479 2741 pleraeque
1512 2687 1674 2727 Siciliae
1706 2686 1915 2725 civit-ates
1945 2685 1992 2723 in

185 2815 194 2835 ¹
216 2814 375 2854 capital.
395 2833 434 2837 —-
451 2813 465 2834 '²
490 2813 589 2858 Quid
612 2813 773 2848 sentiret,
800 2811 900 2843 what
931 2811 993 2842 his
1026 2809 1185 2849 opinion
1212 2817 1300 2840 was.
1319 2826 1359 2831 —
1378 2807 1391 2828 ³
1410 2808 1461 2839 At
1492 2805 1686 2838 Heraclea.
1707 2804 1846 2852 -4nAcl
1875 2804 1991 2836 socios

141 2856 347 2892 tentandos,
366 2856 404 2887 111
423 2856 532 2887 ordor
545 2861 584 2886 to
604 2860 725 2893 temps
745 2854 808 2885 the
827 2853 934 2884 allies
951 2857 990 2884 to
1008 2851 1212 2883 defection.
1232 2868 1272 2872 —
1287 2850 1300 2870 ⁵
1314 2850 1363 2881 At
1382 2850 1445 2880 the
1464 2848 1630 2888 opening
1647 2847 1688 2878 of
1706 2847 1923 2887 Spl*11]g.—⁶
1937 2846 1992 2885 By

141 2898 306 2938 military
327 2890 426 2929 >1<i112
446 2916 485 2920 —
503 2897 516 2918 ⁷
538 2897 626 2929 was·
652 2895 822 2935 superior
847 2901 896 2926 to.
916 2913 956 2917 -
974 2895 987 2913 ⁸
1007 2892 1154 2925 Gaincd
1179 2892 1241 2923 the
1269 2891 1412 2929 victory
1431 2890 1607 2942 (literally
1635 2891 1656 2904 ⁶·
1674 2897 1779 2921 came
1803 2896 1844 2919 as
1870 2887 1992 2919 victor

141 2943 208 2971 out
224 2941 265 2970 ot·
280 2940 342 2971 the
362 2939 547 2978 l›attle'‘).
566 2957 607 2961 -—
625 2938 639 2957 ⁹
660 2938 701 2969 In
722 2937 790 2969 full
815 2937 924 2968 order
948 2934 1123 2975 (literully
1144 2936 1165 2948 ⁴⁵
1181 2934 1220 2964 in
1239 2935 1384 2973 regular
1402 2932 1554 2964 column
1572 2932 1578 2945 ⁸
1600 2933 1624 2967 ).
1643 2949 1683 2953 —-
1703 2930 1734 2951 1⁰
1753 2930 1832 2961 The
1858 2929 1989 2961 flower

143 2981 182 3019 (i.
199 2990 224 3010 e.
246 2981 309 3013 the
328 2981 521 3019 choicest).
545 2998 581 3002 —
601 2981 629 3001 1³
652 2978 737 3010 And
757 2978 828 3009 had
849 2978 965 3010 found
987 2979 1055 3008 not
1072 2975 1183 3008 much
1202 2975 1317 3007 fem-,1-
1334 2974 1468 3006 bodies
1486 2975 1528 3005 ot'
1541 2973 1599 3004 hi.-¹
1616 2977 1745 3011 troops
1758 2972 1850 3002 than
1869 2971 1911 3002 os
1925 2971 1990 3002 the

141 3022 321 3054 Romans.
341 3041 381 3045 —
401 3023 432 3043 ¹2
451 3022 531 3054 One
548 3030 652 3053 more
671 3021 818 3060 victory
835 3020 875 3051 of
893 3019 968 3051 this
985 3018 1090 3051 kind.
1110 3036 1149 3040 —
1170 3017 1200 3038 1³
1222 3017 1263 3049 In
1282 3016 1392 3049 order
1410 3017 1459 3048 to.
1475 3034 1515 3038 —
1534 3015 1565 3036 1⁴
1587 3014 1755 3054 Exfchd
1780 3013 1987 3059 Tarentum

140 3064 318 3105 pervenit,
336 3064 408 3096 fied
426 3067 465 3096 to
483 3064 692 3095 Tarentum
712 3061 891 3101 (litei-assy
911 3064 932 3077 “
949 3069 1054 3093 came
1073 3062 1168 3092 lrom
1186 3058 1245 3103 his
1264 3058 1373 3099 ssight
1390 3060 1431 3090 to
1447 3057 1655 3090 Tarentum
1668 3056 1719 3093 '').
1733 3073 1773 3078 -
1786 3054 1993 3095 ¹⁵Bemqne

141 3107 369 3146 respondeo,
389 3110 429 3138 to
445 3105 530 3146 give
547 3113 568 3136 a
586 3104 777 3137 favorable
794 3111 953 3137 answer.
