<?xml version="1.0" encoding="UTF-8"?>
<!DOCTYPE html PUBLIC "-//W3C//DTD XHTML 1.0 Transitional//EN"
    "http://www.w3.org/TR/xhtml1/DTD/xhtml1-transitional.dtd">
<html xmlns="http://www.w3.org/1999/xhtml" xml:lang="en" lang="en">
 <head>
  <title>
</title>
<meta http-equiv="Content-Type" content="text/html;charset=utf-8" />
  <meta name='ocr-system' content='tesseract 3.04.00' />
  <meta name='ocr-capabilities' content='ocr_page ocr_carea ocr_par ocr_line ocrx_word'/>
</head>
<body>
  <div class='ocr_page' id='page_1' title='image "./elementsoflating00fisc_0140.png"; bbox 0 0 2200 3519; ppageno 0'>
   <div class='ocr_carea' id='block_1_1' title="bbox 212 270 1578 336">
    <p class='ocr_par' dir='ltr' id='par_1_1' title="bbox 212 270 1578 336">
     <span class='ocr_line' id='line_1_1' title="bbox 212 270 1578 336; baseline 0 -16"><span class='ocrx_word' id='word_1_1' title='bbox 212 271 316 322; x_wconf 85' lang='lat'>134</span> <span class='ocrx_word' id='word_1_2' title='bbox 659 284 824 320; x_wconf 81' lang='lat' dir='ltr'><strong>LIBER</strong></span> <span class='ocrx_word' id='word_1_3' title='bbox 859 283 918 332; x_wconf 89' lang='lat' dir='ltr'>II,</span> <span class='ocrx_word' id='word_1_4' title='bbox 958 280 994 320; x_wconf 86' lang='lat'>1.</span> <span class='ocrx_word' id='word_1_5' title='bbox 1024 280 1063 320; x_wconf 78' lang='lat'>2.</span> <span class='ocrx_word' id='word_1_6' title='bbox 1145 273 1213 334; x_wconf 90' lang='lat' dir='ltr'>[A.</span> <span class='ocrx_word' id='word_1_7' title='bbox 1256 284 1307 322; x_wconf 83' lang='lat' dir='ltr'>U.</span> <span class='ocrx_word' id='word_1_8' title='bbox 1347 270 1578 336; x_wconf 77' lang='lat'>276-296.]</span> 
     </span>
    </p>
   </div>
   <div class='ocr_carea' id='block_1_2' title="bbox 211 420 2056 679">
    <p class='ocr_par' dir='ltr' id='par_1_2' title="bbox 211 420 2056 679">
     <span class='ocr_line' id='line_1_2' title="bbox 211 420 2052 474; baseline 0.002 -14"><span class='ocrx_word' id='word_1_9' title='bbox 211 431 400 471; x_wconf 61' lang='lat' dir='ltr'>‘reanum</span> <span class='ocrx_word' id='word_1_10' title='bbox 428 423 689 471; x_wconf 69' lang='lat' dir='ltr'>appeterem,</span> <span class='ocrx_word' id='word_1_11' title='bbox 716 424 862 460; x_wconf 75' lang='lat' dir='ltr'>tamen</span> <span class='ocrx_word' id='word_1_12' title='bbox 894 433 966 472; x_wconf 70' lang='lat' dir='ltr'>eqo</span> <span class='ocrx_word' id='word_1_13' title='bbox 994 420 1130 461; x_wconf 77' lang='lat' dir='ltr'>multo</span> <span class='ocrx_word' id='word_1_14' title='bbox 1151 422 1264 462; x_wconf 73' lang='lat' dir='ltr'>vobis</span> <span class='ocrx_word' id='word_1_15' title='bbox 1294 421 1623 462; x_wconf 67' lang='lat' dir='ltr'>tolerabiliorem</span> <span class='ocrx_word' id='word_1_16' title='bbox 1651 421 1899 463; x_wconf 51' lang='lat' dir='ltr'>servantem</span> <span class='ocrx_word' id='word_1_17' title='bbox 1927 424 2052 474; x_wconf 71' lang='lat' dir='ltr'>affer·</span> 
     </span>
     <span class='ocr_line' id='line_1_3' title="bbox 212 488 2054 541; baseline 0.001 -12"><span class='ocrx_word' id='word_1_18' title='bbox 212 501 321 537; x_wconf 71' lang='lat' dir='ltr'>rem,</span> <span class='ocrx_word' id='word_1_19' title='bbox 347 500 478 540; x_wconf 78' lang='lat' dir='ltr'>quam</span> <span class='ocrx_word' id='word_1_20' title='bbox 500 488 687 540; x_wconf 73' lang='lat' dir='ltr'>qualem¹</span> <span class='ocrx_word' id='word_1_21' title='bbox 707 501 828 528; x_wconf 75' lang='lat' dir='ltr'>nunc</span> <span class='ocrx_word' id='word_1_22' title='bbox 849 490 924 528; x_wconf 72' lang='lat' dir='ltr'>snb</span> <span class='ocrx_word' id='word_1_23' title='bbox 944 490 1149 529; x_wconf 64' lang='lat' dir='ltr'>sementis</span> <span class='ocrx_word' id='word_1_24' title='bbox 1183 490 1355 541; x_wconf 61' lang='lat' dir='ltr'>regibus</span> <span class='ocrx_word' id='word_1_25' title='bbox 1375 489 1740 530; x_wconf 58' lang='lat' dir='ltr'>servitis.&#39;&#39;—Vix</span> <span class='ocrx_word' id='word_1_26' title='bbox 1761 490 1942 531; x_wconf 78' lang='lat' dir='ltr'>Cassius</span> <span class='ocrx_word' id='word_1_27' title='bbox 1963 504 2054 530; x_wconf 88' lang='lat' dir='ltr'>ma-</span> 
     </span>
     <span class='ocr_line' id='line_1_4' title="bbox 213 557 2056 610; baseline 0.002 -14"><span class='ocrx_word' id='word_1_28' title='bbox 213 558 411 610; x_wconf 73' lang='lat' dir='ltr'>gistratu</span> <span class='ocrx_word' id='word_1_29' title='bbox 433 557 618 603; x_wconf 86' lang='lat' dir='ltr'>abierat,</span> <span class='ocrx_word' id='word_1_30' title='bbox 639 569 780 606; x_wconf 87' lang='lat' dir='ltr'>quum</span> <span class='ocrx_word' id='word_1_31' title='bbox 813 557 1156 607; x_wconf 64' lang='lat' dir='ltr'>perduellionis,</span> <span class='ocrx_word' id='word_1_32' title='bbox 1183 557 1302 608; x_wconf 88' lang='lat' dir='ltr'>quod</span> <span class='ocrx_word' id='word_1_33' title='bbox 1332 570 1525 610; x_wconf 85' lang='lat' dir='ltr'>regnum</span> <span class='ocrx_word' id='word_1_34' title='bbox 1547 562 1794 609; x_wconf 88' lang='lat' dir='ltr'>appeteret,</span> <span class='ocrx_word' id='word_1_35' title='bbox 1820 563 2056 600; x_wconf 76' lang='lat' dir='ltr'>accusatus</span> 
     </span>
     <span class='ocr_line' id='line_1_5' title="bbox 214 623 2050 679; baseline 0.001 -14"><span class='ocrx_word' id='word_1_36' title='bbox 214 630 295 665; x_wconf 84' lang='lat' dir='ltr'>est.</span> <span class='ocrx_word' id='word_1_37' title='bbox 325 625 578 664; x_wconf 69' lang='lat' dir='ltr'>Damnatus</span> <span class='ocrx_word' id='word_1_38' title='bbox 596 629 817 676; x_wconf 84' lang='lat' dir='ltr'>corrupto,</span> <span class='ocrx_word' id='word_1_39' title='bbox 837 628 887 663; x_wconf 88' lang='lat' dir='ltr'>ut</span> <span class='ocrx_word' id='word_1_40' title='bbox 905 623 1116 673; x_wconf 68' lang='lat' dir='ltr'>videtur2,</span> <span class='ocrx_word' id='word_1_41' title='bbox 1136 626 1320 677; x_wconf 87' lang='lat' dir='ltr'>judicio,</span> <span class='ocrx_word' id='word_1_42' title='bbox 1339 626 1393 665; x_wconf 90' lang='lat' dir='ltr'>de</span> <span class='ocrx_word' id='word_1_43' title='bbox 1411 638 1519 667; x_wconf 78' lang='lat' dir='ltr'>saxo</span> <span class='ocrx_word' id='word_1_44' title='bbox 1536 626 1702 678; x_wconf 74' lang='lat' dir='ltr'>Tarpej</span> <span class='ocrx_word' id='word_1_45' title='bbox 1710 639 1734 665; x_wconf 92' lang='lat'>0</span> <span class='ocrx_word' id='word_1_46' title='bbox 1750 626 1954 679; x_wconf 86' lang='lat' dir='ltr'>dejectus</span> <span class='ocrx_word' id='word_1_47' title='bbox 1971 630 2050 668; x_wconf 85' lang='lat' dir='ltr'>cst.</span> 
     </span>
    </p>
   </div>
   <div class='ocr_carea' id='block_1_3' title="bbox 869 837 1409 879">
    <p class='ocr_par' dir='ltr' id='par_1_3' title="bbox 869 837 1409 879">
     <span class='ocr_line' id='line_1_6' title="bbox 869 837 1409 879; baseline 0.002 -1"><span class='ocrx_word' id='word_1_48' title='bbox 869 837 1050 878; x_wconf 85' lang='lat' dir='ltr'>LIBER</span> <span class='ocrx_word' id='word_1_49' title='bbox 1081 837 1409 879; x_wconf 83' lang='lat' dir='ltr'>SECUNDUS.</span> 
     </span>
    </p>
   </div>
   <div class='ocr_carea' id='block_1_4' title="bbox 268 933 2059 1043">
    <p class='ocr_par' dir='ltr' id='par_1_4' title="bbox 268 933 2059 1043">
     <span class='ocr_line' id='line_1_7' title="bbox 731 933 1538 974; baseline 0 -8"><span class='ocrx_word' id='word_1_50' title='bbox 731 933 908 966; x_wconf 78' lang='lat' dir='ltr'>SUBJECT</span> <span class='ocrx_word' id='word_1_51' title='bbox 932 941 1016 965; x_wconf 71' lang='grc' dir='ltr'>ΑΜ)</span> <span class='ocrx_word' id='word_1_52' title='bbox 1040 933 1281 965; x_wconf 79' lang='lat' dir='ltr'>PREDICATE.</span> <span class='ocrx_word' id='word_1_53' title='bbox 1328 934 1366 974; x_wconf 66' lang='lat' dir='ltr'>§g</span> <span class='ocrx_word' id='word_1_54' title='bbox 1383 934 1538 966; x_wconf 65' lang='lat'>161—173.</span> 
     </span>
     <span class='ocr_line' id='line_1_8' title="bbox 268 990 2059 1043; baseline 0.001 -13"><span class='ocrx_word' id='word_1_55' title='bbox 268 992 301 1032; x_wconf 91' lang='grc' dir='ltr'>Ι.</span> <span class='ocrx_word' id='word_1_56' title='bbox 336 991 444 1031; x_wconf 82' lang='lat' dir='ltr'>Post</span> <span class='ocrx_word' id='word_1_57' title='bbox 468 990 612 1032; x_wconf 84' lang='lat' dir='ltr'>Cassii</span> <span class='ocrx_word' id='word_1_58' title='bbox 633 991 869 1029; x_wconf 85' lang='lat' dir='ltr'>interitum</span> <span class='ocrx_word' id='word_1_59' title='bbox 892 990 1136 1029; x_wconf 87' lang='lat' dir='ltr'>certamina</span> <span class='ocrx_word' id='word_1_60' title='bbox 1156 991 1274 1028; x_wconf 87' lang='lat' dir='ltr'>inter</span> <span class='ocrx_word' id='word_1_61' title='bbox 1294 990 1512 1029; x_wconf 86' lang='lat' dir='ltr'>Patricios</span> <span class='ocrx_word' id='word_1_62' title='bbox 1533 993 1576 1029; x_wconf 88' lang='lat' dir='ltr'>et</span> <span class='ocrx_word' id='word_1_63' title='bbox 1597 990 1807 1043; x_wconf 75' lang='lat' dir='ltr'>Plebejos</span> <span class='ocrx_word' id='word_1_64' title='bbox 1829 991 2059 1031; x_wconf 70' lang='lat' dir='ltr'>civitatem.</span> 
     </span>
    </p>
   </div>
   <div class='ocr_carea' id='block_1_5' title="bbox 213 1057 2062 2945">
    <p class='ocr_par' dir='ltr' id='par_1_5' title="bbox 213 1057 2062 2267">
     <span class='ocr_line' id='line_1_9' title="bbox 214 1057 2059 1112; baseline 0.001 -13"><span class='ocrx_word' id='word_1_65' title='bbox 214 1060 463 1112; x_wconf 71' lang='lat' dir='ltr'>agitabant,</span> <span class='ocrx_word' id='word_1_66' title='bbox 492 1064 535 1098; x_wconf 88' lang='lat' dir='ltr'>et</span> <span class='ocrx_word' id='word_1_67' title='bbox 566 1058 704 1099; x_wconf 91' lang='lat' dir='ltr'>simul</span> <span class='ocrx_word' id='word_1_68' title='bbox 738 1058 857 1096; x_wconf 88' lang='lat' dir='ltr'>bella</span> <span class='ocrx_word' id='word_1_69' title='bbox 893 1062 1079 1096; x_wconf 77' lang='lat' dir='ltr'>externa</span> <span class='ocrx_word' id='word_1_70' title='bbox 1113 1057 1331 1098; x_wconf 77' lang='lat' dir='ltr'>adversus</span> <span class='ocrx_word' id='word_1_71' title='bbox 1352 1058 1551 1108; x_wconf 87' lang='lat' dir='ltr'>Volscos,</span> <span class='ocrx_word' id='word_1_72' title='bbox 1577 1058 1748 1110; x_wconf 87' lang='lat' dir='ltr'>AEquos</span> <span class='ocrx_word' id='word_1_73' title='bbox 1777 1065 1822 1098; x_wconf 86' lang='lat' dir='ltr'>et</span> <span class='ocrx_word' id='word_1_74' title='bbox 1841 1059 2059 1111; x_wconf 82' lang='lat' dir='ltr'>Vejentcs</span> 
     </span>
     <span class='ocr_line' id='line_1_10' title="bbox 213 1126 2059 1180; baseline 0 -14"><span class='ocrx_word' id='word_1_75' title='bbox 213 1129 500 1180; x_wconf 79' lang='lat' dir='ltr'>gerebantur.</span> <span class='ocrx_word' id='word_1_76' title='bbox 565 1126 684 1165; x_wconf 87' lang='lat' dir='ltr'>Gens</span> <span class='ocrx_word' id='word_1_77' title='bbox 715 1126 854 1164; x_wconf 84' lang='lat' dir='ltr'>Fabia</span> <span class='ocrx_word' id='word_1_78' title='bbox 884 1131 983 1164; x_wconf 87' lang='lat' dir='ltr'>tum</span> <span class='ocrx_word' id='word_1_79' title='bbox 1014 1126 1146 1176; x_wconf 84' lang='lat' dir='ltr'>longe</span> <span class='ocrx_word' id='word_1_80' title='bbox 1177 1127 1493 1177; x_wconf 85' lang='lat' dir='ltr'>potentissima</span> <span class='ocrx_word' id='word_1_81' title='bbox 1523 1126 1824 1166; x_wconf 71' lang='lat' dir='ltr'>Patriciarum</span> <span class='ocrx_word' id='word_1_82' title='bbox 1853 1128 2059 1178; x_wconf 86' lang='lat' dir='ltr'>gentium</span> 
     </span>
     <span class='ocr_line' id='line_1_11' title="bbox 214 1193 2060 1246; baseline -0.001 -12"><span class='ocrx_word' id='word_1_83' title='bbox 214 1197 316 1234; x_wconf 82' lang='lat' dir='ltr'>fuit.</span> <span class='ocrx_word' id='word_1_84' title='bbox 380 1195 509 1233; x_wconf 87' lang='lat' dir='ltr'>Alter</span> <span class='ocrx_word' id='word_1_85' title='bbox 530 1206 584 1233; x_wconf 76' lang='lat' dir='ltr'>ex</span> <span class='ocrx_word' id='word_1_86' title='bbox 607 1193 868 1233; x_wconf 89' lang='lat' dir='ltr'>consulibus</span> <span class='ocrx_word' id='word_1_87' title='bbox 899 1206 979 1244; x_wconf 88' lang='lat' dir='ltr'>per</span> <span class='ocrx_word' id='word_1_88' title='bbox 1007 1194 1176 1232; x_wconf 85' lang='lat' dir='ltr'>multos</span> <span class='ocrx_word' id='word_1_89' title='bbox 1207 1206 1346 1233; x_wconf 86' lang='lat' dir='ltr'>annos</span> <span class='ocrx_word' id='word_1_90' title='bbox 1368 1195 1602 1234; x_wconf 87' lang='lat' dir='ltr'>continuos</span> <span class='ocrx_word' id='word_1_91' title='bbox 1633 1207 1810 1245; x_wconf 85' lang='lat' dir='ltr'>semper</span> <span class='ocrx_word' id='word_1_92' title='bbox 1840 1207 1895 1234; x_wconf 79' lang='lat' dir='ltr'>ex</span> <span class='ocrx_word' id='word_1_93' title='bbox 1924 1198 2060 1246; x_wconf 83' lang='lat' dir='ltr'>gente</span> 
     </span>
     <span class='ocr_line' id='line_1_12' title="bbox 213 1261 2061 1314; baseline -0.001 -11"><span class='ocrx_word' id='word_1_94' title='bbox 213 1264 354 1303; x_wconf 72' lang='lat' dir='ltr'>Fabia</span> <span class='ocrx_word' id='word_1_95' title='bbox 389 1263 582 1303; x_wconf 87' lang='lat' dir='ltr'>selectus</span> <span class='ocrx_word' id='word_1_96' title='bbox 619 1266 724 1302; x_wconf 85' lang='lat' dir='ltr'>erat.</span> <span class='ocrx_word' id='word_1_97' title='bbox 784 1261 919 1301; x_wconf 89' lang='lat' dir='ltr'>Anno</span> <span class='ocrx_word' id='word_1_98' title='bbox 949 1262 1075 1301; x_wconf 91' lang='lat' dir='ltr'>urbis</span> <span class='ocrx_word' id='word_1_99' title='bbox 1105 1262 1413 1301; x_wconf 88' lang='lat' dir='ltr'>ducentesimo</span> <span class='ocrx_word' id='word_1_100' title='bbox 1449 1263 1785 1314; x_wconf 83' lang='lat' dir='ltr'>septuagesimo</span> <span class='ocrx_word' id='word_1_101' title='bbox 1820 1267 1946 1302; x_wconf 80' lang='lat' dir='ltr'>sexto</span> <span class='ocrx_word' id='word_1_102' title='bbox 1965 1262 2061 1301; x_wconf 90' lang='lat' dir='ltr'>haec</span> 
     </span>
     <span class='ocr_line' id='line_1_13' title="bbox 213 1330 2060 1384; baseline -0.001 -12"><span class='ocrx_word' id='word_1_103' title='bbox 213 1346 325 1384; x_wconf 81' lang='lat' dir='ltr'>gens</span> <span class='ocrx_word' id='word_1_104' title='bbox 357 1346 382 1371; x_wconf 89' lang='lat' dir='ltr'>a</span> <span class='ocrx_word' id='word_1_105' title='bbox 414 1337 576 1372; x_wconf 66' lang='lat' dir='ltr'>senatu</span> <span class='ocrx_word' id='word_1_106' title='bbox 609 1333 752 1383; x_wconf 86' lang='lat' dir='ltr'>petiit,</span> <span class='ocrx_word' id='word_1_107' title='bbox 779 1336 829 1370; x_wconf 86' lang='lat' dir='ltr'>ut</span> <span class='ocrx_word' id='word_1_108' title='bbox 860 1332 945 1370; x_wconf 90' lang='lat' dir='ltr'>sibi</span> <span class='ocrx_word' id='word_1_109' title='bbox 975 1331 1058 1372; x_wconf 89' lang='lat' dir='ltr'>soli</span> <span class='ocrx_word' id='word_1_110' title='bbox 1089 1330 1262 1371; x_wconf 67' lang='lat' dir='ltr'>liceret3</span> <span class='ocrx_word' id='word_1_111' title='bbox 1299 1332 1472 1370; x_wconf 91' lang='lat' dir='ltr'>bellum</span> <span class='ocrx_word' id='word_1_112' title='bbox 1503 1332 1720 1372; x_wconf 88' lang='lat' dir='ltr'>adversus</span> <span class='ocrx_word' id='word_1_113' title='bbox 1741 1332 1958 1384; x_wconf 79' lang='lat' dir='ltr'>VeJ’entes</span> <span class='ocrx_word' id='word_1_114' title='bbox 1979 1345 2060 1372; x_wconf 92' lang='lat' dir='ltr'>suo</span> 
     </span>
     <span class='ocr_line' id='line_1_14' title="bbox 215 1399 2060 1452; baseline -0.001 -11"><span class='ocrx_word' id='word_1_115' title='bbox 215 1406 401 1452; x_wconf 87' lang='lat' dir='ltr'>sumptu</span> <span class='ocrx_word' id='word_1_116' title='bbox 429 1412 595 1452; x_wconf 81' lang='lat' dir='ltr'>gerere.</span> <span class='ocrx_word' id='word_1_117' title='bbox 656 1400 903 1450; x_wconf 85' lang='lat' dir='ltr'>Postquam</span> <span class='ocrx_word' id='word_1_118' title='bbox 925 1399 1020 1438; x_wconf 82' lang='lat' dir='ltr'>haec</span> <span class='ocrx_word' id='word_1_119' title='bbox 1042 1404 1241 1450; x_wconf 86' lang='lat' dir='ltr'>potestas</span> <span class='ocrx_word' id='word_1_120' title='bbox 1264 1412 1365 1438; x_wconf 89' lang='lat' dir='ltr'>cum</span> <span class='ocrx_word' id='word_1_121' title='bbox 1397 1401 1587 1439; x_wconf 85' lang='lat' dir='ltr'>summis</span> <span class='ocrx_word' id='word_1_122' title='bbox 1617 1400 1829 1439; x_wconf 80' lang='lat' dir='ltr'>laudibus</span> <span class='ocrx_word' id='word_1_123' title='bbox 1851 1413 1876 1438; x_wconf 87' lang='lat' dir='ltr'>a</span> <span class='ocrx_word' id='word_1_124' title='bbox 1897 1404 2060 1440; x_wconf 70' lang='lat' dir='ltr'>senatu</span> 
     </span>
     <span class='ocr_line' id='line_1_15' title="bbox 215 1468 2061 1518; baseline -0.002 -9"><span class='ocrx_word' id='word_1_125' title='bbox 215 1482 423 1509; x_wconf 90' lang='lat' dir='ltr'>concessa</span> <span class='ocrx_word' id='word_1_126' title='bbox 454 1473 535 1515; x_wconf 85' lang='lat' dir='ltr'>est,</span> <span class='ocrx_word' id='word_1_127' title='bbox 561 1469 703 1515; x_wconf 86' lang='lat' dir='ltr'>Fabii,</span> <span class='ocrx_word' id='word_1_128' title='bbox 729 1480 918 1506; x_wconf 84' lang='lat' dir='ltr'>numero</span> <span class='ocrx_word' id='word_1_129' title='bbox 949 1480 1028 1508; x_wconf 74' lang='lat' dir='ltr'>sex</span> <span class='ocrx_word' id='word_1_130' title='bbox 1058 1472 1102 1506; x_wconf 89' lang='lat' dir='ltr'>et</span> <span class='ocrx_word' id='word_1_131' title='bbox 1124 1468 1326 1516; x_wconf 82' lang='lat' dir='ltr'>trecenti,</span> <span class='ocrx_word' id='word_1_132' title='bbox 1353 1472 1532 1518; x_wconf 88' lang='lat' dir='ltr'>postero</span> <span class='ocrx_word' id='word_1_133' title='bbox 1562 1468 1633 1506; x_wconf 90' lang='lat' dir='ltr'>die</span> <span class='ocrx_word' id='word_1_134' title='bbox 1656 1471 1976 1515; x_wconf 69' lang='lat' dir='ltr'>convenerunt,</span> <span class='ocrx_word' id='word_1_135' title='bbox 2002 1471 2061 1515; x_wconf 88' lang='lat' dir='ltr'>et,</span> 
     </span>
     <span class='ocr_line' id='line_1_16' title="bbox 215 1534 2059 1586; baseline -0.002 -9"><span class='ocrx_word' id='word_1_136' title='bbox 215 1550 318 1577; x_wconf 88' lang='lat' dir='ltr'>cum</span> <span class='ocrx_word' id='word_1_137' title='bbox 349 1537 486 1576; x_wconf 84' lang='lat' dir='ltr'>armis</span> <span class='ocrx_word' id='word_1_138' title='bbox 516 1537 659 1575; x_wconf 63' lang='lat' dir='ltr'>Roma</span> <span class='ocrx_word' id='word_1_139' title='bbox 688 1536 895 1586; x_wconf 81' lang='lat' dir='ltr'>profecti,</span> <span class='ocrx_word' id='word_1_140' title='bbox 921 1536 977 1574; x_wconf 84' lang='lat' dir='ltr'>ad</span> <span class='ocrx_word' id='word_1_141' title='bbox 998 1535 1253 1575; x_wconf 71' lang='lat' dir='ltr'>Cremeram</span> <span class='ocrx_word' id='word_1_142' title='bbox 1284 1535 1454 1574; x_wconf 87' lang='lat' dir='ltr'>fiumen</span> <span class='ocrx_word' id='word_1_143' title='bbox 1486 1540 1631 1574; x_wconf 84' lang='lat' dir='ltr'>castra</span> <span class='ocrx_word' id='word_1_144' title='bbox 1663 1539 1926 1586; x_wconf 69' lang='lat' dir='ltr'>posuerunt.</span> <span class='ocrx_word' id='word_1_145' title='bbox 1989 1534 2059 1574; x_wconf 80' lang='lat' dir='ltr'>Ex</span> 
     </span>
     <span class='ocr_line' id='line_1_17' title="bbox 213 1602 2061 1654; baseline -0.002 -10"><span class='ocrx_word' id='word_1_146' title='bbox 213 1605 300 1644; x_wconf 90' lang='lat' dir='ltr'>hoc</span> <span class='ocrx_word' id='word_1_147' title='bbox 327 1606 424 1644; x_wconf 91' lang='grc'>1000</span> <span class='ocrx_word' id='word_1_148' title='bbox 454 1604 758 1643; x_wconf 89' lang='lat' dir='ltr'>munitissimo</span> <span class='ocrx_word' id='word_1_149' title='bbox 790 1616 906 1653; x_wconf 85' lang='lat' dir='ltr'>saepe</span> <span class='ocrx_word' id='word_1_150' title='bbox 936 1604 1216 1643; x_wconf 74' lang='lat' dir='ltr'>incursiones</span> <span class='ocrx_word' id='word_1_151' title='bbox 1252 1603 1297 1641; x_wconf 88' lang='lat' dir='ltr'>in</span> <span class='ocrx_word' id='word_1_152' title='bbox 1333 1615 1494 1654; x_wconf 83' lang='lat' dir='ltr'>agrum</span> <span class='ocrx_word' id='word_1_153' title='bbox 1529 1602 1732 1642; x_wconf 87' lang='lat' dir='ltr'>hostium</span> <span class='ocrx_word' id='word_1_154' title='bbox 1768 1603 1991 1650; x_wconf 72' lang='lat' dir='ltr'>fecerunt,</span> <span class='ocrx_word' id='word_1_155' title='bbox 2016 1606 2061 1641; x_wconf 88' lang='lat' dir='ltr'>et</span> 
     </span>
     <span class='ocr_line' id='line_1_18' title="bbox 215 1670 2061 1723; baseline -0.001 -11"><span class='ocrx_word' id='word_1_156' title='bbox 215 1673 525 1723; x_wconf 86' lang='lat' dir='ltr'>compluribus</span> <span class='ocrx_word' id='word_1_157' title='bbox 545 1673 719 1723; x_wconf 84' lang='lat' dir='ltr'>proeliis</span> <span class='ocrx_word' id='word_1_158' title='bbox 743 1671 938 1710; x_wconf 81' lang='lat' dir='ltr'>feliciter</span> <span class='ocrx_word' id='word_1_159' title='bbox 955 1683 1057 1710; x_wconf 88' lang='lat' dir='ltr'>cum</span> <span class='ocrx_word' id='word_1_160' title='bbox 1074 1670 1346 1722; x_wconf 88' lang='lat' dir='ltr'>Vejentibus</span> <span class='ocrx_word' id='word_1_161' title='bbox 1367 1675 1703 1722; x_wconf 73' lang='lat' dir='ltr'>pugnavorunt.</span> <span class='ocrx_word' id='word_1_162' title='bbox 1757 1670 1840 1710; x_wconf 91' lang='lat' dir='ltr'>His</span> <span class='ocrx_word' id='word_1_163' title='bbox 1862 1670 2061 1710; x_wconf 80' lang='lat' dir='ltr'>victoriis</span> 
     </span>
     <span class='ocr_line' id='line_1_19' title="bbox 215 1737 2061 1790; baseline -0.002 -10"><span class='ocrx_word' id='word_1_164' title='bbox 215 1741 344 1780; x_wconf 85' lang='lat' dir='ltr'>Fabii</span> <span class='ocrx_word' id='word_1_165' title='bbox 379 1741 502 1786; x_wconf 63' lang='lat' dir='ltr'>elati,</span> <span class='ocrx_word' id='word_1_166' title='bbox 532 1753 674 1790; x_wconf 89' lang='lat' dir='ltr'>quum</span> <span class='ocrx_word' id='word_1_167' title='bbox 707 1739 865 1790; x_wconf 88' lang='lat' dir='ltr'>paullo</span> <span class='ocrx_word' id='word_1_168' title='bbox 898 1738 1081 1789; x_wconf 83' lang='lat' dir='ltr'>longius</span> <span class='ocrx_word' id='word_1_169' title='bbox 1117 1751 1252 1788; x_wconf 87' lang='lat' dir='ltr'>quam</span> <span class='ocrx_word' id='word_1_170' title='bbox 1289 1739 1410 1778; x_wconf 88' lang='lat' dir='ltr'>soliti</span> <span class='ocrx_word' id='word_1_171' title='bbox 1443 1743 1576 1777; x_wconf 86' lang='lat' dir='ltr'>antea</span> <span class='ocrx_word' id='word_1_172' title='bbox 1606 1743 1747 1784; x_wconf 85' lang='lat' dir='ltr'>erant,</span> <span class='ocrx_word' id='word_1_173' title='bbox 1780 1739 1827 1776; x_wconf 90' lang='lat' dir='ltr'>in</span> <span class='ocrx_word' id='word_1_174' title='bbox 1859 1737 2061 1777; x_wconf 89' lang='lat' dir='ltr'>hostium</span> 
     </span>
     <span class='ocr_line' id='line_1_20' title="bbox 215 1805 2062 1860; baseline -0.002 -13"><span class='ocrx_word' id='word_1_175' title='bbox 215 1821 378 1860; x_wconf 83' lang='lat' dir='ltr'>agrum</span> <span class='ocrx_word' id='word_1_176' title='bbox 399 1808 735 1858; x_wconf 80' lang='lat' dir='ltr'>processissent,</span> <span class='ocrx_word' id='word_1_177' title='bbox 756 1807 802 1844; x_wconf 91' lang='lat' dir='ltr'>in</span> <span class='ocrx_word' id='word_1_178' title='bbox 824 1806 1009 1845; x_wconf 88' lang='lat' dir='ltr'>insidias</span> <span class='ocrx_word' id='word_1_179' title='bbox 1030 1806 1299 1845; x_wconf 73' lang='lat' dir='ltr'>incidorunt.</span> <span class='ocrx_word' id='word_1_180' title='bbox 1349 1805 1506 1845; x_wconf 82' lang='lat' dir='ltr'>Subito</span> <span class='ocrx_word' id='word_1_181' title='bbox 1527 1818 1553 1844; x_wconf 86' lang='lat' dir='ltr'>a</span> <span class='ocrx_word' id='word_1_182' title='bbox 1572 1806 1840 1857; x_wconf 67' lang='grc'>1113]“011111154</span> <span class='ocrx_word' id='word_1_183' title='bbox 1859 1805 2062 1844; x_wconf 90' lang='lat' dir='ltr'>hostium</span> 
     </span>
     <span class='ocr_line' id='line_1_21' title="bbox 217 1873 2061 1927; baseline -0.001 -12"><span class='ocrx_word' id='word_1_184' title='bbox 217 1877 354 1927; x_wconf 88' lang='lat' dir='ltr'>copiis</span> <span class='ocrx_word' id='word_1_185' title='bbox 371 1875 570 1926; x_wconf 86' lang='lat' dir='ltr'>undique</span> <span class='ocrx_word' id='word_1_186' title='bbox 588 1874 851 1913; x_wconf 84' lang='lat' dir='ltr'>circumdati</span> <span class='ocrx_word' id='word_1_187' title='bbox 874 1878 993 1913; x_wconf 84' lang='lat' dir='ltr'>sunt.</span> <span class='ocrx_word' id='word_1_188' title='bbox 1047 1873 1266 1925; x_wconf 81' lang='lat' dir='ltr'>Vejentes</span> <span class='ocrx_word' id='word_1_189' title='bbox 1283 1886 1339 1911; x_wconf 78' lang='lat' dir='ltr'>ex</span> <span class='ocrx_word' id='word_1_190' title='bbox 1360 1874 1455 1912; x_wconf 87' lang='lat' dir='ltr'>loco</span> <span class='ocrx_word' id='word_1_191' title='bbox 1473 1875 1702 1924; x_wconf 72' lang='lat' dir='ltr'>superiore</span> <span class='ocrx_word' id='word_1_192' title='bbox 1719 1874 1810 1912; x_wconf 85' lang='lat' dir='ltr'>tela</span> <span class='ocrx_word' id='word_1_193' title='bbox 1831 1874 1877 1912; x_wconf 88' lang='lat' dir='ltr'>in</span> <span class='ocrx_word' id='word_1_194' title='bbox 1898 1873 2061 1913; x_wconf 83' lang='lat' dir='ltr'>Fabios</span> 
     </span>
     <span class='ocr_line' id='line_1_22' title="bbox 217 1941 2061 1996; baseline -0.002 -13"><span class='ocrx_word' id='word_1_195' title='bbox 217 1945 521 1996; x_wconf 68' lang='lat' dir='ltr'>conjecerunt,</span> <span class='ocrx_word' id='word_1_196' title='bbox 547 1947 590 1981; x_wconf 86' lang='lat' dir='ltr'>et</span> <span class='ocrx_word' id='word_1_197' title='bbox 611 1942 667 1980; x_wconf 84' lang='lat' dir='ltr'>ad</span> <span class='ocrx_word' id='word_1_198' title='bbox 690 1955 829 1980; x_wconf 89' lang='lat' dir='ltr'>unum</span> <span class='ocrx_word' id='word_1_199' title='bbox 853 1941 1015 1980; x_wconf 82' lang='lat' dir='ltr'>omnis⁵</span> <span class='ocrx_word' id='word_1_200' title='bbox 1039 1942 1378 1981; x_wconf 68' lang='lat' dir='ltr'>interfecerunt.</span> <span class='ocrx_word' id='word_1_201' title='bbox 1442 1941 1511 1979; x_wconf 80' lang='lat' dir='ltr'>Ex</span> <span class='ocrx_word' id='word_1_202' title='bbox 1533 1946 1627 1980; x_wconf 69' lang='lat' dir='ltr'>tota</span> <span class='ocrx_word' id='word_1_203' title='bbox 1650 1942 1894 1981; x_wconf 81' lang='lat' dir='ltr'>Fabiorum</span> <span class='ocrx_word' id='word_1_204' title='bbox 1926 1944 2061 1992; x_wconf 78' lang='lat' dir='ltr'>gente</span> 
     </span>
     <span class='ocr_line' id='line_1_23' title="bbox 217 2006 2062 2060; baseline -0.002 -9"><span class='ocrx_word' id='word_1_205' title='bbox 217 2025 335 2051; x_wconf 88' lang='lat' dir='ltr'>unus</span> <span class='ocrx_word' id='word_1_206' title='bbox 367 2016 546 2050; x_wconf 87' lang='lat' dir='ltr'>tantum</span> <span class='ocrx_word' id='word_1_207' title='bbox 581 2023 693 2060; x_wconf 88' lang='lat' dir='ltr'>puer</span> <span class='ocrx_word' id='word_1_208' title='bbox 724 2014 953 2060; x_wconf 85' lang='lat' dir='ltr'>superstes</span> <span class='ocrx_word' id='word_1_209' title='bbox 985 2010 1088 2057; x_wconf 81' lang='lat' dir='ltr'>fuit,</span> <span class='ocrx_word' id='word_1_210' title='bbox 1114 2009 1192 2059; x_wconf 89' lang='lat' dir='ltr'>qui</span> <span class='ocrx_word' id='word_1_211' title='bbox 1222 2006 1716 2059; x_wconf 49' lang='lat' dir='ltr'>propter‘impuberem</span> <span class='ocrx_word' id='word_1_212' title='bbox 1744 2013 1924 2048; x_wconf 66' lang='lat' dir='ltr'>aetatem</span> <span class='ocrx_word' id='word_1_213' title='bbox 1953 2008 2062 2047; x_wconf 88' lang='lat' dir='ltr'>huic</span> 
     </span>
     <span class='ocr_line' id='line_1_24' title="bbox 219 2077 2060 2129; baseline -0.001 -11"><span class='ocrx_word' id='word_1_214' title='bbox 219 2080 336 2118; x_wconf 88' lang='lat' dir='ltr'>bello</span> <span class='ocrx_word' id='word_1_215' title='bbox 371 2080 587 2119; x_wconf 86' lang='lat' dir='ltr'>interesse</span> <span class='ocrx_word' id='word_1_216' title='bbox 624 2091 711 2117; x_wconf 88' lang='lat' dir='ltr'>non</span> <span class='ocrx_word' id='word_1_217' title='bbox 749 2079 908 2129; x_wconf 88' lang='lat' dir='ltr'>potuit.</span> <span class='ocrx_word' id='word_1_218' title='bbox 972 2077 1016 2117; x_wconf 94' lang='lat' dir='ltr'>Is</span> <span class='ocrx_word' id='word_1_219' title='bbox 1052 2078 1238 2128; x_wconf 82' lang='lat' dir='ltr'>stirpem</span> <span class='ocrx_word' id='word_1_220' title='bbox 1272 2077 1422 2128; x_wconf 83' lang='lat' dir='ltr'>gentis</span> <span class='ocrx_word' id='word_1_221' title='bbox 1457 2077 1605 2116; x_wconf 69' lang='lat' dir='ltr'>Fabiae</span> <span class='ocrx_word' id='word_1_222' title='bbox 1640 2078 1926 2129; x_wconf 65' lang='lat' dir='ltr'>propagavit,</span> <span class='ocrx_word' id='word_1_223' title='bbox 1961 2089 2060 2128; x_wconf 87' lang='lat' dir='ltr'>quae</span> 
     </span>
     <span class='ocr_line' id='line_1_25' title="bbox 217 2145 1871 2199; baseline -0.001 -12"><span class='ocrx_word' id='word_1_224' title='bbox 217 2160 332 2199; x_wconf 83' lang='lat' dir='ltr'>saepe</span> <span class='ocrx_word' id='word_1_225' title='bbox 353 2152 521 2198; x_wconf 86' lang='lat' dir='ltr'>postea,</span> <span class='ocrx_word' id='word_1_226' title='bbox 548 2147 669 2185; x_wconf 88' lang='lat' dir='ltr'>domi</span> <span class='ocrx_word' id='word_1_227' title='bbox 689 2147 967 2196; x_wconf 75' lang='lat' dir='ltr'>militiaeque,</span> <span class='ocrx_word' id='word_1_228' title='bbox 994 2158 1224 2185; x_wconf 88' lang='lat' dir='ltr'>summum</span> <span class='ocrx_word' id='word_1_229' title='bbox 1246 2145 1505 2196; x_wconf 77' lang='lat' dir='ltr'>reipublicae</span> <span class='ocrx_word' id='word_1_230' title='bbox 1525 2145 1662 2185; x_wconf 90' lang='lat' dir='ltr'>decus</span> <span class='ocrx_word' id='word_1_231' title='bbox 1683 2146 1871 2186; x_wconf 76' lang='lat' dir='ltr'>exstitit.</span> 
     </span>
     <span class='ocr_line' id='line_1_26' title="bbox 767 2227 1510 2267; baseline 0 -9"><span class='ocrx_word' id='word_1_232' title='bbox 767 2227 1014 2259; x_wconf 74' lang='lat' dir='ltr'><strong>TRANSITIVE</strong></span> <span class='ocrx_word' id='word_1_233' title='bbox 1039 2227 1224 2259; x_wconf 79' lang='lat' dir='ltr'>OBJEc&#39;rs.</span> <span class='ocrx_word' id='word_1_234' title='bbox 1271 2227 1323 2267; x_wconf 61' lang='lat' dir='ltr'>(gg</span> <span class='ocrx_word' id='word_1_235' title='bbox 1340 2227 1510 2265; x_wconf 74' lang='lat'>223-233).</span> 
     </span>
    </p>

    <p class='ocr_par' dir='ltr' id='par_1_6' title="bbox 217 2283 2062 2945">
     <span class='ocr_line' id='line_1_27' title="bbox 269 2283 2057 2332; baseline -0.001 -8"><span class='ocrx_word' id='word_1_236' title='bbox 269 2285 326 2326; x_wconf 92' lang='grc' dir='ltr'>ΙΙ.</span> <span class='ocrx_word' id='word_1_237' title='bbox 361 2285 469 2325; x_wconf 88' lang='lat' dir='ltr'>Post</span> <span class='ocrx_word' id='word_1_238' title='bbox 489 2285 606 2324; x_wconf 88' lang='lat' dir='ltr'>hanc</span> <span class='ocrx_word' id='word_1_239' title='bbox 628 2284 797 2323; x_wconf 77' lang='lat' dir='ltr'>cladem</span> <span class='ocrx_word' id='word_1_240' title='bbox 817 2284 938 2322; x_wconf 89' lang='lat' dir='ltr'>bella</span> <span class='ocrx_word' id='word_1_241' title='bbox 958 2284 1105 2322; x_wconf 88' lang='lat' dir='ltr'>multa</span> <span class='ocrx_word' id='word_1_242' title='bbox 1126 2283 1382 2331; x_wconf 83' lang='lat' dir='ltr'>infeliciter,</span> <span class='ocrx_word' id='word_1_243' title='bbox 1407 2283 1462 2321; x_wconf 91' lang='lat' dir='ltr'>ob</span> <span class='ocrx_word' id='word_1_244' title='bbox 1484 2284 1699 2322; x_wconf 81' lang='lat' dir='ltr'>intestina</span> <span class='ocrx_word' id='word_1_245' title='bbox 1720 2285 1976 2332; x_wconf 83' lang='lat' dir='ltr'>certamina,</span> <span class='ocrx_word' id='word_1_246' title='bbox 2001 2284 2057 2323; x_wconf 85' lang='lat' dir='ltr'>ab</span> 
     </span>
     <span class='ocr_line' id='line_1_28' title="bbox 217 2351 2056 2405; baseline -0.001 -13"><span class='ocrx_word' id='word_1_247' title='bbox 217 2354 566 2405; x_wconf 82' lang='lat' dir='ltr'>imperatoribus</span> <span class='ocrx_word' id='word_1_248' title='bbox 602 2353 815 2392; x_wconf 68' lang='lat' dir='ltr'>Romanis</span> <span class='ocrx_word' id='word_1_249' title='bbox 852 2356 980 2403; x_wconf 83' lang='lat' dir='ltr'>gesta</span> <span class='ocrx_word' id='word_1_250' title='bbox 1014 2355 1133 2390; x_wconf 89' lang='lat' dir='ltr'>sunt.</span> <span class='ocrx_word' id='word_1_251' title='bbox 1194 2351 1378 2398; x_wconf 84' lang='lat' dir='ltr'>Milites,</span> <span class='ocrx_word' id='word_1_252' title='bbox 1404 2352 1535 2401; x_wconf 88' lang='lat' dir='ltr'>quasi</span> <span class='ocrx_word' id='word_1_253' title='bbox 1564 2352 1702 2390; x_wconf 72' lang='lat' dir='ltr'>tacita</span> <span class='ocrx_word' id='word_1_254' title='bbox 1732 2352 2056 2403; x_wconf 85' lang='lat' dir='ltr'>conjuratione,</span> 
     </span>
     <span class='ocr_line' id='line_1_29' title="bbox 217 2417 2057 2472; baseline -0.001 -12"><span class='ocrx_word' id='word_1_255' title='bbox 217 2423 373 2468; x_wconf 85' lang='lat' dir='ltr'>otiose,</span> <span class='ocrx_word' id='word_1_256' title='bbox 417 2421 717 2472; x_wconf 74' lang='lat' dir='ltr'>negligenter,</span> <span class='ocrx_word' id='word_1_257' title='bbox 763 2420 1085 2458; x_wconf 86' lang='lat' dir='ltr'>contumaciter</span> <span class='ocrx_word' id='word_1_258' title='bbox 1133 2419 1283 2457; x_wconf 83' lang='grc'>01111113</span> <span class='ocrx_word' id='word_1_259' title='bbox 1330 2419 1535 2469; x_wconf 77' lang='lat' dir='ltr'>agebant.</span> <span class='ocrx_word' id='word_1_260' title='bbox 1599 2417 1825 2457; x_wconf 75' lang='lat' dir='ltr'>Nolobant</span> <span class='ocrx_word' id='word_1_261' title='bbox 1865 2420 2057 2467; x_wconf 85' lang='lat' dir='ltr'>vincere,</span> 
     </span>
     <span class='ocr_line' id='line_1_30' title="bbox 219 2485 2061 2539; baseline -0.002 -11"><span class='ocrx_word' id='word_1_262' title='bbox 219 2502 334 2539; x_wconf 85' lang='lat' dir='ltr'>saepe</span> <span class='ocrx_word' id='word_1_263' title='bbox 357 2489 492 2527; x_wconf 86' lang='lat' dir='ltr'>etiam</span> <span class='ocrx_word' id='word_1_264' title='bbox 513 2488 631 2526; x_wconf 77' lang='lat' dir='ltr'>vinci</span> <span class='ocrx_word' id='word_1_265' title='bbox 654 2486 879 2536; x_wconf 66' lang='lat' dir='ltr'>volobant,</span> <span class='ocrx_word' id='word_1_266' title='bbox 906 2488 1012 2537; x_wconf 87' lang='lat' dir='ltr'>quia</span> <span class='ocrx_word' id='word_1_267' title='bbox 1037 2487 1223 2525; x_wconf 79' lang='lat' dir='ltr'>victoria</span> <span class='ocrx_word' id='word_1_268' title='bbox 1253 2498 1341 2524; x_wconf 92' lang='lat' dir='ltr'>non</span> <span class='ocrx_word' id='word_1_269' title='bbox 1372 2486 1457 2525; x_wconf 91' lang='lat' dir='ltr'>sibi</span> <span class='ocrx_word' id='word_1_270' title='bbox 1488 2485 1564 2525; x_wconf 88' lang='lat' dir='ltr'>sed</span> <span class='ocrx_word' id='word_1_271' title='bbox 1586 2485 1792 2525; x_wconf 87' lang='lat' dir='ltr'>Patriciis</span> <span class='ocrx_word' id='word_1_272' title='bbox 1815 2487 1919 2525; x_wconf 90' lang='lat' dir='ltr'>usui</span> <span class='ocrx_word' id='word_1_273' title='bbox 1950 2487 2061 2526; x_wconf 79' lang='lat' dir='ltr'>fuis-</span> 
     </span>
     <span class='ocr_line' id='line_1_31' title="bbox 219 2553 2061 2607; baseline -0.002 -11"><span class='ocrx_word' id='word_1_274' title='bbox 219 2555 315 2597; x_wconf 61' lang='lat' dir='ltr'>setfl.</span> <span class='ocrx_word' id='word_1_275' title='bbox 379 2555 536 2607; x_wconf 84' lang='lat' dir='ltr'>Itaque</span> <span class='ocrx_word' id='word_1_276' title='bbox 558 2555 695 2606; x_wconf 88' lang='lat' dir='ltr'>AEqui</span> <span class='ocrx_word' id='word_1_277' title='bbox 717 2560 760 2593; x_wconf 91' lang='lat' dir='ltr'>et</span> <span class='ocrx_word' id='word_1_278' title='bbox 780 2555 933 2594; x_wconf 87' lang='lat' dir='ltr'>Volsci</span> <span class='ocrx_word' id='word_1_279' title='bbox 954 2559 1100 2592; x_wconf 88' lang='lat' dir='ltr'>totum</span> <span class='ocrx_word' id='word_1_280' title='bbox 1132 2554 1227 2592; x_wconf 80' lang='lat' dir='ltr'>scre</span> <span class='ocrx_word' id='word_1_281' title='bbox 1249 2553 1429 2592; x_wconf 86' lang='lat' dir='ltr'>Latium</span> <span class='ocrx_word' id='word_1_282' title='bbox 1461 2553 1752 2604; x_wconf 74' lang='lat' dir='ltr'>subegorunt,</span> <span class='ocrx_word' id='word_1_283' title='bbox 1778 2558 1822 2592; x_wconf 88' lang='lat' dir='ltr'>et</span> <span class='ocrx_word' id='word_1_284' title='bbox 1843 2553 2061 2605; x_wconf 78' lang='lat' dir='ltr'>VeJ&#39;entes</span> 
     </span>
     <span class='ocr_line' id='line_1_32' title="bbox 220 2621 2062 2675; baseline -0.002 -12"><span class='ocrx_word' id='word_1_285' title='bbox 220 2630 355 2675; x_wconf 83' lang='lat' dir='ltr'>atque</span> <span class='ocrx_word' id='word_1_286' title='bbox 389 2624 569 2663; x_wconf 87' lang='lat' dir='ltr'>Etrusci</span> <span class='ocrx_word' id='word_1_287' title='bbox 605 2636 736 2673; x_wconf 83' lang='lat' dir='ltr'>agros</span> <span class='ocrx_word' id='word_1_288' title='bbox 771 2628 917 2662; x_wconf 83' lang='grc'>01111115</span> <span class='ocrx_word' id='word_1_289' title='bbox 949 2622 1005 2660; x_wconf 86' lang='lat' dir='ltr'>ad</span> <span class='ocrx_word' id='word_1_290' title='bbox 1039 2622 1236 2660; x_wconf 86' lang='lat' dir='ltr'>Tiberim</span> <span class='ocrx_word' id='word_1_291' title='bbox 1269 2634 1413 2671; x_wconf 89' lang='lat' dir='ltr'>usquc</span> <span class='ocrx_word' id='word_1_292' title='bbox 1443 2625 1722 2671; x_wconf 66' lang='lat' dir='ltr'>receperunt.</span> <span class='ocrx_word' id='word_1_293' title='bbox 1785 2621 1914 2660; x_wconf 89' lang='lat' dir='ltr'>Anno</span> <span class='ocrx_word' id='word_1_294' title='bbox 1935 2622 2062 2661; x_wconf 88' lang='lat' dir='ltr'>urbis</span> 
     </span>
     <span class='ocr_line' id='line_1_33' title="bbox 218 2687 2059 2742; baseline -0.002 -11"><span class='ocrx_word' id='word_1_295' title='bbox 218 2693 525 2732; x_wconf 86' lang='lat' dir='ltr'>ducentesimo</span> <span class='ocrx_word' id='word_1_296' title='bbox 559 2692 848 2742; x_wconf 82' lang='lat' dir='ltr'>nonagesimo</span> <span class='ocrx_word' id='word_1_297' title='bbox 885 2694 1012 2730; x_wconf 81' lang='lat' dir='ltr'>sexto</span> <span class='ocrx_word' id='word_1_298' title='bbox 1034 2689 1170 2740; x_wconf 87' lang='lat' dir='ltr'>AEqui</span> <span class='ocrx_word' id='word_1_299' title='bbox 1206 2690 1252 2728; x_wconf 88' lang='lat' dir='ltr'>in</span> <span class='ocrx_word' id='word_1_300' title='bbox 1287 2693 1440 2728; x_wconf 86' lang='lat' dir='ltr'>monte</span> <span class='ocrx_word' id='word_1_301' title='bbox 1472 2688 1648 2739; x_wconf 83' lang='lat' dir='ltr'>Algido,</span> <span class='ocrx_word' id='word_1_302' title='bbox 1682 2687 1805 2727; x_wconf 86' lang='lat' dir='ltr'>haud</span> <span class='ocrx_word' id='word_1_303' title='bbox 1835 2689 1991 2739; x_wconf 89' lang='lat' dir='ltr'>procul</span> <span class='ocrx_word' id='word_1_304' title='bbox 2032 2700 2059 2727; x_wconf 83' lang='lat' dir='ltr'>a</span> 
     </span>
     <span class='ocr_line' id='line_1_34' title="bbox 219 2755 2061 2811; baseline -0.003 -12"><span class='ocrx_word' id='word_1_305' title='bbox 219 2760 376 2808; x_wconf 64' lang='lat' dir='ltr'>Roma,</span> <span class='ocrx_word' id='word_1_306' title='bbox 401 2764 547 2800; x_wconf 84' lang='lat' dir='ltr'>castra</span> <span class='ocrx_word' id='word_1_307' title='bbox 578 2762 841 2811; x_wconf 69' lang='lat' dir='ltr'>posuerunt.</span> <span class='ocrx_word' id='word_1_308' title='bbox 904 2758 1134 2797; x_wconf 78' lang='lat' dir='ltr'>Adversus</span> <span class='ocrx_word' id='word_1_309' title='bbox 1167 2770 1241 2796; x_wconf 89' lang='grc'>005</span> <span class='ocrx_word' id='word_1_310' title='bbox 1273 2757 1501 2795; x_wconf 87' lang='lat' dir='ltr'>Minucius</span> <span class='ocrx_word' id='word_1_311' title='bbox 1534 2755 1690 2795; x_wconf 89' lang='lat' dir='ltr'>consul</span> <span class='ocrx_word' id='word_1_312' title='bbox 1725 2768 1826 2794; x_wconf 88' lang='lat' dir='ltr'>cum</span> <span class='ocrx_word' id='word_1_313' title='bbox 1860 2756 2061 2795; x_wconf 80' lang='lat' dir='ltr'>exercitu</span> 
     </span>
     <span class='ocr_line' id='line_1_35' title="bbox 219 2824 2054 2878; baseline -0.003 -12"><span class='ocrx_word' id='word_1_314' title='bbox 219 2830 426 2868; x_wconf 79' lang='lat' dir='ltr'>mittitur.</span> <span class='ocrx_word' id='word_1_315' title='bbox 490 2828 533 2867; x_wconf 87' lang='lat' dir='ltr'>Is</span> <span class='ocrx_word' id='word_1_316' title='bbox 554 2841 696 2878; x_wconf 89' lang='lat' dir='ltr'>quum</span> <span class='ocrx_word' id='word_1_317' title='bbox 719 2827 891 2866; x_wconf 82' lang='lat' dir='ltr'>cladem</span> <span class='ocrx_word' id='word_1_318' title='bbox 912 2827 1170 2876; x_wconf 83' lang='lat' dir='ltr'>accepisset,</span> <span class='ocrx_word' id='word_1_319' title='bbox 1190 2830 1234 2864; x_wconf 89' lang='lat' dir='ltr'>et</span> <span class='ocrx_word' id='word_1_320' title='bbox 1257 2826 1312 2863; x_wconf 88' lang='lat' dir='ltr'>ab</span> <span class='ocrx_word' id='word_1_321' title='bbox 1333 2825 1492 2875; x_wconf 50' lang='lat' dir='ltr'>[Equis</span> <span class='ocrx_word' id='word_1_322' title='bbox 1514 2825 1560 2862; x_wconf 91' lang='lat' dir='ltr'>in</span> <span class='ocrx_word' id='word_1_323' title='bbox 1582 2824 1738 2863; x_wconf 85' lang='lat' dir='ltr'>castris</span> <span class='ocrx_word' id='word_1_324' title='bbox 1760 2824 2054 2873; x_wconf 67' lang='lat' dir='ltr'>obsideretur,</span> 
     </span>
     <span class='ocr_line' id='line_1_36' title="bbox 220 2892 2058 2945; baseline -0.003 -10"><span class='ocrx_word' id='word_1_325' title='bbox 220 2909 395 2935; x_wconf 85' lang='lat' dir='ltr'>summa</span> <span class='ocrx_word' id='word_1_326' title='bbox 426 2896 575 2935; x_wconf 79' lang='lat' dir='ltr'>Romae</span> <span class='ocrx_word' id='word_1_327' title='bbox 605 2896 845 2945; x_wconf 84' lang='lat' dir='ltr'>trepidatio</span> <span class='ocrx_word' id='word_1_328' title='bbox 869 2895 969 2936; x_wconf 78' lang='lat' dir='ltr'>fuit,</span> <span class='ocrx_word' id='word_1_329' title='bbox 992 2899 1036 2932; x_wconf 85' lang='lat' dir='ltr'>ct</span> <span class='ocrx_word' id='word_1_330' title='bbox 1058 2893 1103 2933; x_wconf 88' lang='lat' dir='ltr'>L.</span> <span class='ocrx_word' id='word_1_331' title='bbox 1132 2893 1367 2940; x_wconf 84' lang='lat' dir='ltr'>Quinctius</span> <span class='ocrx_word' id='word_1_332' title='bbox 1398 2892 1690 2930; x_wconf 67' lang='lat' dir='ltr'>Cincinnatus</span> <span class='ocrx_word' id='word_1_333' title='bbox 1721 2904 1939 2931; x_wconf 89' lang='lat' dir='ltr'>consensu</span> <span class='ocrx_word' id='word_1_334' title='bbox 1968 2904 2058 2930; x_wconf 89' lang='lat' dir='ltr'>om-</span> 
     </span>
    </p>
   </div>
   <div class='ocr_carea' id='block_1_6' title="bbox 219 3012 2060 3177">
    <p class='ocr_par' dir='ltr' id='par_1_7' title="bbox 219 3012 2060 3177">
     <span class='ocr_line' id='line_1_37' title="bbox 263 3012 2060 3061; baseline -0.003 -11"><span class='ocrx_word' id='word_1_335' title='bbox 263 3018 273 3038; x_wconf 84' lang='lat'>¹</span> <span class='ocrx_word' id='word_1_336' title='bbox 294 3018 411 3061; x_wconf 70' lang='lat' dir='ltr'>Quam</span> <span class='ocrx_word' id='word_1_337' title='bbox 425 3018 571 3057; x_wconf 72' lang='lat' dir='ltr'>qualem</span> <span class='ocrx_word' id='word_1_338' title='bbox 586 3016 744 3049; x_wconf 65' lang='lat' dir='ltr'>servilis.</span> <span class='ocrx_word' id='word_1_339' title='bbox 759 3016 849 3047; x_wconf 78' lang='lat' dir='ltr'>than</span> <span class='ocrx_word' id='word_1_340' title='bbox 875 3016 957 3047; x_wconf 83' lang='lat' dir='ltr'>that</span> <span class='ocrx_word' id='word_1_341' title='bbox 973 3015 1006 3046; x_wconf 71' lang='lat' dir='ltr'>is</span> <span class='ocrx_word' id='word_1_342' title='bbox 1024 3015 1148 3046; x_wconf 85' lang='lat' dir='ltr'>which</span> <span class='ocrx_word' id='word_1_343' title='bbox 1175 3023 1249 3054; x_wconf 81' lang='lat' dir='ltr'>you</span> <span class='ocrx_word' id='word_1_344' title='bbox 1277 3023 1395 3047; x_wconf 80' lang='lat' dir='ltr'>serve.</span> <span class='ocrx_word' id='word_1_345' title='bbox 1410 3013 1475 3036; x_wconf 76' lang='lat'>—2</span> <span class='ocrx_word' id='word_1_346' title='bbox 1487 3013 1540 3044; x_wconf 75' lang='lat' dir='ltr'>As</span> <span class='ocrx_word' id='word_1_347' title='bbox 1566 3012 1596 3045; x_wconf 86' lang='lat' dir='ltr'>it</span> <span class='ocrx_word' id='word_1_348' title='bbox 1621 3021 1754 3045; x_wconf 79' lang='lat' dir='ltr'>seems.</span> <span class='ocrx_word' id='word_1_349' title='bbox 1774 3031 1810 3037; x_wconf 90' lang='lat'>—</span> <span class='ocrx_word' id='word_1_350' title='bbox 1823 3012 1891 3046; x_wconf 76' lang='lat' dir='ltr'>³Ut</span> <span class='ocrx_word' id='word_1_351' title='bbox 1905 3012 1976 3045; x_wconf 72' lang='grc' dir='ltr'>εἱὸὶ</span> <span class='ocrx_word' id='word_1_352' title='bbox 1992 3012 2060 3045; x_wconf 69' lang='lat' dir='ltr'>soli</span> 
     </span>
     <span class='ocr_line' id='line_1_38' title="bbox 219 3052 2060 3097; baseline -0.002 -7"><span class='ocrx_word' id='word_1_353' title='bbox 219 3058 340 3090; x_wconf 54' lang='lat' dir='ltr'>liczret</span> <span class='ocrx_word' id='word_1_354' title='bbox 364 3059 494 3090; x_wconf 71' lang='lat' dir='ltr'>bellum</span> <span class='ocrx_word' id='word_1_355' title='bbox 517 3067 649 3097; x_wconf 61' lang='lat' dir='ltr'>(leram.</span> <span class='ocrx_word' id='word_1_356' title='bbox 670 3058 751 3088; x_wconf 73' lang='lat' dir='ltr'>that</span> <span class='ocrx_word' id='word_1_357' title='bbox 770 3058 857 3096; x_wconf 73' lang='lat' dir='ltr'>{hey</span> <span class='ocrx_word' id='word_1_358' title='bbox 875 3056 1009 3088; x_wconf 78' lang='lat' dir='ltr'>should</span> <span class='ocrx_word' id='word_1_359' title='bbox 1033 3056 1079 3087; x_wconf 85' lang='lat' dir='ltr'>bc</span> <span class='ocrx_word' id='word_1_360' title='bbox 1103 3055 1306 3096; x_wconf 68' lang='lat' dir='ltr'>permittes]</span> <span class='ocrx_word' id='word_1_361' title='bbox 1326 3058 1365 3086; x_wconf 86' lang='lat' dir='ltr'>to</span> <span class='ocrx_word' id='word_1_362' title='bbox 1382 3063 1487 3094; x_wconf 82' lang='lat' dir='ltr'>carry</span> <span class='ocrx_word' id='word_1_363' title='bbox 1504 3054 1567 3086; x_wconf 89' lang='lat' dir='ltr'>thc</span> <span class='ocrx_word' id='word_1_364' title='bbox 1585 3062 1662 3085; x_wconf 81' lang='lat' dir='ltr'>war</span> <span class='ocrx_word' id='word_1_365' title='bbox 1686 3063 1737 3086; x_wconf 87' lang='lat' dir='ltr'>on</span> <span class='ocrx_word' id='word_1_366' title='bbox 1759 3053 1882 3086; x_wconf 80' lang='lat' dir='ltr'>alone.</span> <span class='ocrx_word' id='word_1_367' title='bbox 1898 3054 1962 3076; x_wconf 78' lang='lat'>—4</span> <span class='ocrx_word' id='word_1_368' title='bbox 1985 3052 2060 3086; x_wconf 80' lang='lat' dir='ltr'>Ma-</span> 
     </span>
     <span class='ocr_line' id='line_1_39' title="bbox 220 3094 2058 3138; baseline -0.002 -9"><span class='ocrx_word' id='word_1_369' title='bbox 220 3100 322 3138; x_wconf 58' lang='lat' dir='ltr'>jorvs</span> <span class='ocrx_word' id='word_1_370' title='bbox 339 3100 474 3138; x_wconf 63' lang='lat' dir='ltr'>romae.</span> <span class='ocrx_word' id='word_1_371' title='bbox 490 3108 508 3129; x_wconf 82' lang='lat' dir='ltr'>a</span> <span class='ocrx_word' id='word_1_372' title='bbox 524 3100 696 3136; x_wconf 71' lang='lat' dir='ltr'>superior</span> <span class='ocrx_word' id='word_1_373' title='bbox 707 3098 822 3130; x_wconf 83' lang='lat' dir='ltr'>force.</span> <span class='ocrx_word' id='word_1_374' title='bbox 839 3116 879 3120; x_wconf 89' lang='lat'>—-</span> <span class='ocrx_word' id='word_1_375' title='bbox 892 3098 906 3118; x_wconf 82' lang='lat'>⁵</span> <span class='ocrx_word' id='word_1_376' title='bbox 918 3098 981 3130; x_wconf 81' lang='lat' dir='ltr'>Ad</span> <span class='ocrx_word' id='word_1_377' title='bbox 994 3105 1111 3130; x_wconf 77' lang='lat' dir='ltr'>unum</span> <span class='ocrx_word' id='word_1_378' title='bbox 1123 3098 1255 3137; x_wconf 61' lang='lat' dir='ltr'>omnis,</span> <span class='ocrx_word' id='word_1_379' title='bbox 1268 3096 1315 3128; x_wconf 80' lang='lat' dir='ltr'>all</span> <span class='ocrx_word' id='word_1_380' title='bbox 1327 3096 1488 3128; x_wconf 82' lang='lat' dir='ltr'>without</span> <span class='ocrx_word' id='word_1_381' title='bbox 1499 3095 1711 3136; x_wconf 76' lang='lat' dir='ltr'>exception.</span> <span class='ocrx_word' id='word_1_382' title='bbox 1723 3112 1763 3118; x_wconf 95' lang='lat'><strong>—</strong></span> <span class='ocrx_word' id='word_1_383' title='bbox 1778 3095 1792 3116; x_wconf 65' lang='grc' dir='ltr'><strong>ὅ</strong></span> <span class='ocrx_word' id='word_1_384' title='bbox 1809 3094 1896 3128; x_wconf 66' lang='grc' dir='ltr'>Πεαὶ</span> <span class='ocrx_word' id='word_1_385' title='bbox 1909 3094 2058 3135; x_wconf 69' lang='lat' dir='ltr'>fuisset,</span> 
     </span>
     <span class='ocr_line' id='line_1_40' title="bbox 224 3138 975 3177; baseline 0 -7"><span class='ocrx_word' id='word_1_386' title='bbox 224 3140 346 3172; x_wconf 82' lang='lat' dir='ltr'>would</span> <span class='ocrx_word' id='word_1_387' title='bbox 365 3140 460 3172; x_wconf 85' lang='lat' dir='ltr'>have</span> <span class='ocrx_word' id='word_1_388' title='bbox 476 3141 574 3172; x_wconf 81' lang='lat' dir='ltr'>been</span> <span class='ocrx_word' id='word_1_389' title='bbox 591 3140 633 3171; x_wconf 81' lang='lat' dir='ltr'>os</span> <span class='ocrx_word' id='word_1_390' title='bbox 653 3148 719 3171; x_wconf 79' lang='grc'>1150</span> <span class='ocrx_word' id='word_1_391' title='bbox 738 3138 975 3177; x_wconf 80' lang='lat' dir='ltr'>(beneficial).</span> 
     </span>
    </p>
   </div>
  </div>
 </body>
</html>
