2200 3519
618 167 782 205 LIBER
821 168 880 218 11,
919 161 1064 205 19.20.
1160 157 1231 220 [A.
1260 170 1312 207 U.
1351 159 1582 221 457-471.]
1927 160 2022 212 151

179 303 301 354 apud
321 302 576 343 Vesuvium
609 306 840 355 ediderat¹,
879 308 1099 346 imitatur.
1167 307 1413 346 “Devovit
1448 320 1495 347 se
1529 320 1677 347 coram
1714 309 1924 360 pontifice
1959 310 2028 349 dis

179 371 392 411 Manibus
428 377 655 425 matrique
688 374 909 416 Terrae”².
974 376 1091 414 Tum
1124 377 1316 415 concitat
1349 389 1532 426 equum,
1567 383 1611 415 et
1642 389 1689 417 se
1719 378 1762 415 in
1796 378 2028 417 confertis-

180 441 342 480 simam
376 440 612 481 Gallorum
650 443 792 482 aciem
829 443 1064 492 infere11s³‚
1102 444 1206 483 telis
1238 443 1438 483 hostium
1474 445 1756 485 interficitur.
1820 445 2024 493 Romani,

177 507 350 559 pudore
372 508 511 556 victi⁴,
539 510 912 561 redintegrabant
933 524 1149 563 pugnam,
1176 515 1220 550 et
1242 524 1345 550 cum
1366 513 1582 552 subsidiis
1603 525 1628 551 a
1649 512 1787 552 Fabio
1808 514 1960 553 missis
1982 514 2028 552 in

178 576 334 615 Gallos
355 578 570 617 attonitos
602 579 808 618 ruebant.
874 579 977 630 Ipse
999 593 1178 631 quoque
1201 580 1368 619 Fabius
1390 582 1601 621 omnibus
1632 583 1772 632 copiis
1807 582 2029 632 impetum

178 644 301 691 fecit,
326 657 463 695 quem
497 644 649 685 hostes
672 647 896 686 sustinere
918 660 1008 686 11011
1040 653 1300 698 potuerunt.
1363 648 1524 688 Effusa
1556 650 1670 701 fuga
1691 650 1872 701 disjecti
1905 654 2022 690 sunt.

177 712 299 751 Caesa
321 725 372 751 eo
393 713 465 752 die
484 714 647 765 viginti
670 716 872 765 quinque
894 716 1040 754 millia
1068 716 1286 763 hostium,
1306 717 1354 755 in
1375 716 1446 757 his
1470 717 1645 757 Gellius
1667 717 1904 770 Egnatius.
1958 718 2028 756 Ex

177 779 485 820 Romanorum
507 783 710 821 exercitu
732 796 895 822 novem
918 785 1064 822 millia
1086 785 1357 824 ceciderunt.

570 879 785 921 QUAN'rrrY
808 889 892 914 Am)
916 881 1136 914 INTENSITY
1159 882 1295 923 (Study
1312 882 1329 924 ξ
1344 883 1407 916 2ῒ9
1422 884 1463 915 to
1480 883 1523 916 R.
1545 884 1630 923 152).

230 955 328 996 XX.
365 956 461 996 Hac
483 958 608 997 clade
630 959 749 998 vires
781 958 1055 998 Samnitium
1087 961 1240 999 fractae
1263 965 1382 1001 sunt.
1448 961 1534 1000 Sed
1556 974 1644 1012 quo
1665 963 1811 1013 magis
1842 963 2029 1003 fortuna

175 1025 514 1074 deserebantur,
540 1039 591 1065 eo
614 1027 716 1077 plus
738 1028 877 1066 animi
899 1028 1126 1067 accedere⁵
1151 1029 1405 1070 videbatur.
1465 1029 1636 1068 Iterum
1667 1031 1714 1069 in
1745 1032 1839 1071 suis
1860 1031 2028 1071 finibus

175 1107 278 1132 011111
301 1093 609 1134 Romanorum
631 1097 907 1135 exercitibus
929 1096 1244 1136 conflixerunt.
1309 1097 1476 1149 Magna
1509 1103 1553 1137 et
1587 1103 1715 1137 atrox
1750 1100 1840 1138 fuit
1871 1113 2029 1152 pugna

174 1162 230 1200 ad
252 1163 556 1213 Aquiloniam,
578 1164 624 1202 in
645 1169 736 1215 qua
759 1165 964 1212 Romani,
988 1165 1169 1216 Papirio
1191 1165 1385 1206 Cursore
1406 1166 1532 1213 duce,
1555 1167 1720 1218 viginti
1740 1168 1885 1206 millia
1908 1168 2028 1207 Sam-

174 1231 341 1269 nitium
373 1231 646 1272 occiderunt.
710 1233 840 1272 Alter
873 1234 1044 1280 consul,
1083 1233 1156 1284 Sp.
1184 1234 1424 1281 Carvilius,
1460 1235 1616 1284 paullo
1651 1236 1826 1274 minore
1863 1242 2026 1288 strage,

174 1299 329 1339 hostes
351 1301 407 1339 ad
429 1301 685 1341 Cominium
707 1302 886 1342 devicit.
947 1303 1167 1342 Omnibus
1192 1304 1286 1342 fere
1312 1303 1584 1342 Samnitium
1615 1305 1793 1355 oppidis
1826 1306 2026 1356 singilla-

173 1370 256 1408 tim
275 1371 430 1420 captis
454 1370 623 1410 Fabius
646 1371 877 1410 Maximus
894 1371 1071 1411 hostem
1088 1373 1248 1422 proelio
1266 1372 1401 1423 longe
1420 1373 1699 1411 atrocissimo
1716 1374 1817 1423 (non
1840 1378 2028 1422 constat,

173 1452 263 1489 quo
284 1439 395 1488 loco)
426 1440 610 1489 penitus
646 1441 906 1491 prostravit.
965 1440 1060 1479 Hoc
1090 1441 1250 1491 proelio
1274 1441 1317 1479 C.
1345 1441 1552 1488 Pontius,
1578 1442 1825 1492 imperator
1858 1442 2028 1481 Samni-

173 1508 303 1554 tium,
342 1512 501 1558 captus
532 1514 612 1555 est,
647 1521 783 1559 quem
821 1513 1023 1556 senatus,
1062 1509 1109 1547 111
1143 1508 1378 1559 triumpho
1410 1508 1630 1557 ductum⁶,
1668 1511 1814 1549 securi
1849 1511 2027 1561 percuti

171 1576 321 1627 jussit.
386 1576 470 1615 Tot
492 1576 697 1615 cladibus
728 1578 923 1627 acceptis
956 1577 1231 1616 Samnitium
1252 1578 1373 1616 vires
1404 1577 1514 1615 adeo
1544 1577 1777 1617 exhaustae
1808 1583 1948 1626 erant,
1977 1583 2026 1617 ut

172 1656 329 1695 pacem
360 1657 385 1682 a
415 1649 578 1684 senatu
611 1650 831 1695 peterent,
858 1658 957 1696 quae
980 1646 1043 1684 eis
1065 1658 1183 1683 anno
1207 1646 1330 1684 urbis
1361 1645 1811 1696 quadringentesimo
1842 1659 2025 1698 sexage—

172 1713 286 1752 simo
316 1713 463 1760 tertio,
489 1719 588 1752 octo
619 1714 750 1752 annis
786 1718 888 1764 post
918 1726 1055 1764 quam
1093 1714 1439 1760 rebellaverant,
1474 1713 1554 1752 ita⁷
1587 1714 1691 1752 data
1721 1718 1802 1761 est,
1831 1720 1880 1752 ut
1915 1713 2026 1754 511158

172 1781 354 1830 quidem
378 1781 559 1832 legibus
582 1782 804 1828 viverent,
831 1782 908 1821 sed
939 1783 985 1820 111
1016 1781 1104 1820 fide
1127 1795 1177 1820 ac
1199 1781 1430 1822 societate⁹
1455 1782 1613 1832 populi
1644 1781 1835 1821 Romani
1857 1788 2019 1823 essent.

173 1848 317 1887 Tanta
351 1850 599 1888 moderatio
630 1850 675 1888 in
707 1850 842 1889 rebus
865 1850 1074 1889 secundis
1095 1850 1296 1889 multum
1331 1851 1387 1888 ad
1422 1850 1696 1900 mitigandos
1718 1851 1845 1889 victae
1875 1851 2025 1902 gentis

171 1919 346 1957 animos
368 1917 564 1957 valuitffl.

226 1986 389 2024 Paullo
419 1991 519 2037 post
556 1986 738 2025 Etrusci
775 1985 1129 2033 rebellaverunt,
1157 1991 1215 2033 et,
1254 1986 1481 2025 Arretium
1511 1987 1782 2034 obsidentes,
1818 1987 1865 2026 L.
1893 1987 2022 2026 Caeci-

169 2054 285 2093 lium
307 2055 558 2101 Metellum,
581 2056 657 2105 qui
684 2068 786 2093 cum
809 2054 1011 2093 exercitu
1033 2054 1087 2092 ad
1115 2055 1271 2092 urbem
1303 2055 1467 2093 sociam
1489 2055 1724 2094 obsidiOne
1745 2055 2024 2093 liberandam

171 2123 432 2170 advenerat,
454 2128 619 2174 magnai
643 2124 768 2162 clade
791 2124 1011 2162 vicerunt.
1077 2122 1226 2169 Quum
1258 2122 1375 2161 Galli
1408 2122 1636 2162 Sennones
1673 2124 1719 2161 in
1754 2122 1839 2161 111ῑο
1869 2128 2024 2173 pugna

171 2190 377 2230 Etruscis
400 2192 624 2230 auxilium
647 2192 875 2238 tulissent,
899 2196 1083 2230 senatus
1105 2191 1281 2242 legatos
1304 2193 1349 2229 111
1368 2191 1563 2230 Galliam
1586 2192 1863 2241 Cisalpinam
1885 2192 2024 2235 misit,

171 2261 247 2310 qui
271 2260 326 2298 de
351 2261 520 2299 foedere
541 2260 709 2298 violato
727 2264 1039 2311 quererentur.
1104 2259 1223 2298 Galli
1250 2260 1460 2298 ferociter
1481 2259 1825 2310 responderunt,
1850 2259 2024 2310 legatos

171 2329 472 2375 trucidarunt,
494 2341 742 2379 eorumque
760 2341 944 2378 corpora
968 2328 1088 2366 foede
1107 2328 1435 2367 laceraverunt.
1504 2328 1569 2366 Ad
1589 2328 1705 2366 hano
1726 2328 2023 2379 ignominiam

172 2396 476 2436 ulciscendam
499 2397 547 2436 P.
575 2397 812 2435 Dolabella
835 2397 992 2435 consul
1023 2410 1125 2435 011111
1148 2397 1298 2434 valido
1319 2397 1522 2435 exercitu
1544 2397 1590 2435 in
1613 2397 1810 2435 Galliam
1833 2396 2021 2446 Cisalpi-

172 2478 276 2504 nam
299 2467 465 2505 missus
488 2470 567 2505 est.
633 2466 777 2503 Gallis
805 2466 965 2516 proelio
988 2465 1191 2512 devictis,
1218 2465 1375 2504 consul
1404 2469 1544 2503 totam
1576 2465 1672 2503 fere
1703 2469 1884 2515 gentem
1919 2464 2022 2503 Sen-

173 2546 357 2580 nonum,
378 2546 533 2571 omnes
566 2534 763 2583 puberes
786 2533 1066 2579 trucidando,
1088 2533 1270 2572 dele-vit.
1335 2533 1506 2571 Deinde
1530 2533 1627 2583 Boji
1650 2537 1693 2571 et
1716 2533 1898 2581 reliquae
1921 2532 2024 2570 Gal-

173 2600 243 2639 liae
264 2606 438 2651 gentes,
458 2601 624 2651 quibus
657 2601 837 2639 Etrusci
862 2614 907 2639 se
933 2601 1252 2652 adjunxerant,
1278 2601 1456 2640 duobus
1487 2601 1658 2651 proeliis
1680 2601 1735 2638 ad
1756 2599 2023 2639 Vadimonis

173 2669 322 2708 lacum
345 2675 389 2708 et
410 2669 467 2707 ad
490 2669 791 2720 Populoniam
815 2671 920 2708 victi
946 2674 1064 2708 sunt.
1128 2669 1210 2707 His
1233 2670 1417 2720 quidem
1439 2681 1555 2706 anno
1576 2668 1701 2706 urbis
1722 2667 2022 2718 quadringen-

218 2792 228 2813 1
248 2791 331 2823 Had
357 2795 425 2823 set.
441 2810 475 2814 —
494 2792 509 2813 2
528 2792 596 2823 See
615 2792 680 2823 Ch.
700 2791 801 2823 XIV.
818 2810 858 2814 —-
871 2792 885 2813 ³
906 2792 948 2823 Se
964 2792 1140 2833 inferens,
1161 2791 1346 2826 throwinff
1369 2791 1536 2823 himself.
1556 2809 1593 2813 —
1609 2791 1622 2811 ⁴
1641 2791 1859 2821 Overcome.
1876 2808 1916 2812 -—
1931 2789 1946 2809 ⁵
1964 2788 2018 2821 Eo

168 2833 255 2875 plus
270 2834 393 2866 animi
409 2834 561 2867 accedit.
580 2833 744 2872 literally
764 2836 786 2849 ⁴·
800 2833 879 2865 The
898 2843 1000 2864 more
1020 2834 1060 2864 ns
1083 2842 1245 2866 cour-{ee
1263 2834 1416 2864 accedes
1429 2833 1474 2867 '⁸2
1502 2833 1525 2864 ἐ.
1546 2841 1573 2863 e.
1598 2834 1621 2847 ‘⁶
1635 2832 1696 2863 the
1714 2840 1814 2862 more
1833 2831 2020 2862 increases

174 2875 274 2906 their
290 2876 499 2911 courage''.
514 2893 554 2897 —
568 2875 582 2895 ⁶
600 2876 706 2906 After
724 2875 769 2906 110
787 2874 858 2906 had
879 2875 969 2906 been
991 2874 1048 2906 led
1067 2875 1103 2905 in
1124 2876 1186 2905 the
1206 2874 1407 2912 trinnipnal
1435 2873 1667 2913 pror-ession.
1721 2872 1817 2912 [Tne
1836 2871 2020 2911 captured

172 2915 317 2948 leaders
333 2917 374 2947 of
395 2916 457 2947 the
476 2925 610 2955 enemy
627 2917 772 2949 walked
787 2916 821 2947 111
839 2917 971 2948 chains
984 2917 1115 2948 before
1130 2916 1192 2947 the
1211 2915 1353 2947 enariot
1371 2916 1413 2946 of
1438 2915 1500 2946 the
1519 2914 1760 2954 trininphing
1783 2913 2021 2960 g(3iiei‘;1l.]†

172 2956 187 2978 ⁷
206 2957 334 2990 Under
352 2957 413 2989 the
431 2958 635 2989 condition.
652 2976 693 2981 ·—
707 2958 721 2978 ⁸
740 2957 867 2989 Under
891 2957 988 2988 their
1011 2966 1094 2987 own
1120 2961 1191 2988 010.
1210 2975 1246 2979 —
1260 2957 1274 2977 9
1297 2956 1470 2995 Literally
1492 2958 1513 2971 ‘·
1527 2956 1670 2987 Should
1693 2956 1737 2987 be
1756 2955 1793 2986 in
1813 2955 1874 2986 the
1893 2954 2020 2993 allegi-

172 3007 263 3032 ance
280 2999 353 3030 and
370 2999 530 3030 alliance
547 2999 589 3030 of
614 2999 677 3031 the
696 2998 841 3031 Roman
862 2998 997 3037 people
1011 2999 1047 3035 ”,
1067 2998 1092 3030 z’.
1113 3007 1140 3030 e.
1162 2998 1331 3029 “should
1356 2997 1629 3037 :lcknou'ledge
1649 2998 1712 3028 the
1739 3004 1965 3036 snprernacy
1983 2996 2026 3027 of

173 3041 238 3073 the
254 3041 299 3073 R.
318 3041 386 3072 P.''
401 3059 442 3063 —
458 3041 488 3062 ¹⁰
508 3040 670 3073 ,llaltam
689 3040 818 3079 valere,
838 3042 876 3072 to
892 3039 1108 3072 contribute
1124 3039 1268 3080 greatly
1287 3049 1295 3079 ;
1320 3039 1483 3079 literally
1504 3041 1525 3054 ‘⁶
1540 3043 1578 3071 to
1598 3039 1643 3070 be
1664 3048 1752 3079 very
1770 3037 2004 3078 powe1·ful''.
