2200 3519
284 247 388 300 140
739 266 903 302 LIBER
937 266 994 314 11,
1033 262 1071 302 8.
1105 261 1143 301 9.
1228 254 1298 315 [A.
1338 266 1391 303 U.
1431 253 1661 320 363—369.]

284 403 363 444 sed
395 415 452 442 ne
487 415 620 442 canes
654 402 838 453 quidem
874 403 1194 449 excita-rentur,
1228 415 1426 451 anseres,
1452 404 1922 455 appropinquantibus
1957 403 2116 453 Gallis,

284 471 543 522 clangorem
565 469 786 518 edebant1,
811 471 878 509 ita
898 474 949 509 ut
978 470 1038 510 M.
1060 470 1297 518 Manlium,
1327 472 1477 510 virum
1508 472 1618 510 belli
1638 472 1783 523 gloria
1804 472 2106 512 clarissimum

283 550 308 576 e
330 551 485 578 somno
506 540 686 578 cierent.
749 538 949 577 Manlius
981 543 1150 578 ceteros
1181 539 1237 578 ad
1267 552 1392 578 arma
1412 552 1590 586 vocans,
1617 539 1814 587 Gallum,
1841 540 1919 590 qui
1948 541 2043 591 jam
2073 541 2121 580 in

284 619 461 645 summo
483 605 776 654 constiterat2,
801 619 913 657 rupe
935 607 1114 658 dejecit.
1178 608 1270 646 Alii
1291 608 1369 657 qui
1391 620 1552 647 saxum
1575 607 1888 654 ascendebant,
1916 607 2051 646 facile
2071 609 2120 646 in

282 687 482 725 praeceps
504 674 808 715 defe1·untur³.
871 675 1086 723 Manlius,
1111 676 1166 715 ob
1188 677 1406 714 virtfitem
1438 676 1667 723 laudatus,
1693 676 1749 714 ab
1781 677 2008 715 universis
2037 677 2118 714 mi-

281 743 444 781 litibus
475 743 644 782 selIbra
673 744 807 782 farris
830 748 873 782 et
895 744 1125 794 quartario
1146 745 1241 782 vini
1261 744 1454 783 donatus
1489 748 1572 789 est,
1592 743 1716 782 haud
1747 743 2000 794 spernendo
2019 756 2116 782 mu-

283 810 418 858 nere⁴,
458 823 601 862 quum
639 811 902 861 praesidium
942 812 1038 863 jam
1086 812 1318 850 frumento
1359 811 1794 852 careret—Interim
1833 824 1987 851 omnes
2026 812 2122 851 fere

281 878 450 918 milites
471 880 551 929 qui
572 891 628 918 ex
649 879 809 930 proelio
832 879 1026 919 Alliensi
1047 880 1361 931 confugerant,
1379 879 1517 931 Vejos
1541 883 1857 928 convenerant,
1875 892 2121 930 omnesque

281 948 449 986 iterum
480 960 582 987 cum
613 948 757 987 Gallis
789 948 1029 999 confligere
1060 949 1317 998 cupiebant.
1383 947 1469 987 Sed
1499 960 1613 999 opus
1644 952 1739 987 erat
1768 949 2042 999 imperatore
2077 952 2122 987 et

280 1017 431 1056 armis.
493 1015 652 1067 Itaque
676 1016 881 1063 Camillo,
909 1016 987 1066 qui
1009 1016 1166 1054 Ardeae
1189 1016 1444 1062 exsulabat,
1464 1016 1741 1066 persuadent
1761 1019 1813 1054 ut
1835 1028 1882 1055 se
1902 1015 2121 1055 adversus

280 1083 427 1123 hostis
458 1084 654 1124 duceret.
717 1084 839 1123 Dum
869 1084 943 1123 hic
972 1085 1238 1131 exercitum,
1273 1096 1362 1134 quo
1393 1084 1668 1135 Capitolium
1698 1084 1930 1124 obsidione
1960 1084 2120 1123 libera-

281 1152 384 1199 ret⁵,
410 1153 548 1192 armis
577 1153 778 1200 instruit,
804 1151 998 1192 Romani
1027 1153 1075 1190 in
1108 1151 1345 1202 Capitolio,
1376 1153 1455 1202 qui
1484 1153 1579 1204 jam
1612 1153 1781 1190 famem
1811 1152 2004 1191 tolerare
2034 1164 2123 1190 non

279 1224 505 1271 poterant,
532 1223 576 1258 et
598 1221 715 1259 corio
737 1233 817 1271 pro
840 1221 937 1259 cibo
959 1220 1223 1267 utebantur,
1249 1233 1351 1258 cum
1373 1219 1564 1267 Brenno,
1589 1219 1827 1260 Gallorum
1857 1232 1977 1271 rege,
2002 1219 2122 1270 pacti

281 1292 402 1335 sunt,
428 1292 479 1326 ut
500 1288 628 1327 mille
650 1289 799 1338 pondo
820 1288 920 1327 auri
950 1288 1212 1338 penderent,
1237 1300 1326 1338 quo
1357 1288 1557 1338 accepto⁶
1589 1301 1670 1326 rex
1701 1287 1940 1326 Gallorum
1970 1288 2120 1338 copias

282 1368 338 1394 ex
359 1368 468 1404 agro
489 1356 689 1395 Romano
706 1356 979 1396 deduceret⁷.
1027 1357 1149 1394 Auro
1169 1357 1263 1407 J'am
1281 1356 1443 1403 soli-ito,
1465 1356 1683 1394 Camillus
1705 1368 1808 1394 cum
1826 1356 2027 1394 exercitu
2047 1356 2122 1394 ad-

281 1425 420 1471 venit,
446 1424 691 1475 Gallosque
729 1425 909 1465 duobus
944 1425 1119 1475 proeliis
1141 1425 1205 1462 ita
1226 1424 1350 1471 vicit,
1372 1428 1423 1462 ut
1445 1437 1500 1463 ne
1536 1424 1728 1464 nuntius
1762 1424 1949 1475 quidem
1984 1424 2122 1464 cladis

282 1496 401 1532 esset
423 1492 621 1531 relictus.

775 1552 954 1592 OBLIQUE
971 1552 1202 1584 Pnamcxrm
1219 1552 1358 1584 Non-ns
1376 1552 1430 1594 (ἐξ
1445 1553 1623 1591 216-222).

335 1609 412 1649 IX.
448 1610 591 1649 Gallis
613 1610 668 1648 ab
691 1610 800 1648 urbe
822 1610 1041 1660 expulsis,
1062 1621 1218 1647 omnes
1240 1609 1336 1647 fere
1358 1610 1564 1648 civitates
1581 1621 1679 1660 quae
1697 1605 2004 1647 Romanorum
2028 1607 2123 1646 fue-

279 1682 397 1725 rant,
423 1678 698 1717 defecerunt.
749 1677 943 1724 Etrusci,
964 1677 1130 1724 Volsci,
1157 1676 1293 1727 AEqui
1311 1677 1469 1717 eodem
1492 1682 1695 1728 tempore
1711 1677 1884 1716 bellum
1908 1676 2122 1715 Romanis

279 1745 556 1785 indixerunt,
620 1745 769 1783 Latini
792 1758 973 1795 quoque
995 1744 1284 1794 Hernicique,
1310 1749 1486 1784 veteres
1509 1745 1629 1791 socii,
1655 1745 1734 1795 qui
1764 1757 2013 1794 numquam
2043 1755 2124 1794 per

281 1817 462 1852 centum
496 1825 637 1851 annos
670 1813 886 1864 ambigua
917 1813 1003 1851 fide
1034 1814 1229 1859 fuerant,
1264 1812 1514 1851 Romanam
1547 1813 1793 1851 amicitiam
1826 1812 2118 1852 diremerunt.

281 1880 475 1920 Senatus
496 1880 555 1920 M.
583 1880 773 1919 Furium
796 1880 1051 1927 Camillum,
1076 1881 1329 1918 maximum
1359 1880 1430 1919 sui
1459 1881 1543 1919 aevi
1572 1881 1908 1930 imperatorem,
1934 1880 2122 1919 dictato-

279 1961 374 1988 rem
397 1949 525 1988 dixit.
589 1948 632 1987 Is
654 1949 902 1987 exercitum
934 1949 1078 1998 primo
1100 1948 1316 1988 adversus
1338 1947 1523 1987 Volscos
1545 1947 1690 1995 duxit,
1716 1959 1879 1997 eosque
1901 1947 1956 1985 ad
1977 1946 2122 1985 Lanu-

278 2017 404 2055 vium
425 2021 591 2068 magna
612 2017 728 2055 crede
750 2016 943 2067 fugavit.
1002 2015 1156 2054 Victor
1178 2017 1426 2055 exercitum
1448 2016 1495 2054 in
1517 2015 1686 2066 AEquos
1708 2015 1853 2062 duxit,
1880 2028 2045 2066 eosque
2067 2015 2123 2053 ad.

279 2083 412 2122 Bolas
435 2085 557 2123 vicit.
620 2083 792 2122 Deinde
813 2083 1029 2123 Etruscos
1051 2084 1106 2122 ad
1131 2082 1335 2124 Sutrium
1359 2084 1491 2122 fudit.
1554 2083 1774 2122 Camillus
1794 2083 1841 2121 in
1863 2083 2022 2121 urbem
2046 2083 2122 2121 tri-

278 2151 505 2202 umphans
526 2152 673 2198 rediit,
698 2153 838 2190 trium
861 2152 998 2191 simul
1020 2152 1244 2192 bellorum
1265 2152 1420 2191 victor.
1486 2151 1665 2190 Interea
1685 2155 1863 2190 summa
1884 2150 2122 2202 diligentia

278 2219 535 2258 laboratum
557 2224 637 2267 est,
663 2224 713 2258 ut
735 2220 840 2259 urbs
861 2232 976 2258 nova
1006 2233 1062 2258 ex
1092 2221 1235 2258 ruinis
1259 2232 1396 2270 quam
1418 2217 1667 2258 celerrime⁸
1688 2222 1965 2270 exsurgeret.
2029 2218 2114 2258 Sed

278 2289 453 2341 Plebeji
477 2290 695 2339 impensis
715 2288 981 2328 aedificandi⁹
1014 2290 1061 2327 in
1091 2301 1316 2328 suminam
1338 2292 1585 2339 egestatem
1614 2287 1820 2338 perducti
1853 2290 1971 2327 sunt.
2027 2286 2121 2325 Ple-

278 2360 409 2407 rique
431 2362 586 2396 eorum
608 2369 909 2407 permagnum
930 2369 988 2395 aes
1010 2357 1209 2395 alienum
1233 2369 1258 2394 a
1278 2355 1488 2395 Patriciis
1509 2356 1565 2393 ob
1580 2353 1925 2394 aedificandun1¹⁰
1948 2355 2119 2406 ingenti

280 2423 482 2463 foenore¹¹
506 2428 834 2463 contraxerant.
898 2424 1081 2462 Patricii
1112 2428 1264 2461 autem
1286 2423 1502 2463 adversus
1527 2436 1601 2461 eos
1622 2424 1700 2473 qui
1729 2435 1788 2462 aes
1817 2423 2015 2461 alienum
2038 2423 2121 2462 sol-

278 2503 383 2530 vere
404 2504 491 2529 non
512 2495 733 2541 poterant,
759 2496 938 2530 summa
968 2491 1207 2530 severitate
1236 2491 1341 2542 jura
1362 2503 1444 2530 sua
1466 2491 1750 2537 exercebant,
1775 2502 1941 2541 eosque
1962 2491 2008 2528 in
2030 2502 2120 2529 car-

279 2571 424 2597 cerem
462 2558 770 2609 conjiciebant.
835 2557 950 2596 Tum
986 2557 1044 2597 M.
1086 2558 1297 2606 Manlius,
1335 2558 1454 2596 idem
1489 2558 1568 2607 qui
1603 2557 1875 2607 Capitolium
1911 2570 1937 2596 a
1971 2557 2116 2596 Gallis

279 2625 558 2672 defenderat,
586 2629 809 2676 quantum
842 2629 1030 2673 poterat,
1056 2630 1139 2664 sust
1165 2625 1356 2675 pecunia
1378 2625 1656 2664 debitoribus
1677 2625 1986 2670 subveniebat,
2006 2624 2120 2662 mul-

278 2699 436 2744 tosque
459 2706 514 2731 ex
536 2693 732 2731 vinculis
754 2692 1015 2732 redimebat.
1066 2692 1149 2731 His
1170 2692 1400 2731 beneficiis
1422 2692 1594 2731 factum
1618 2690 1716 2731 est¹²
1741 2696 1803 2739 ut,
1819 2693 1903 2731 etsi
1924 2692 2121 2742 patriciae

277 2762 426 2811 gentis
450 2761 552 2807 fuit,
573 2766 741 2810 magno,
761 2760 881 2810 apud
903 2761 1081 2811 plebem
1103 2761 1250 2812 gratia]
1271 2764 1401 2800 esset.
1460 2759 1525 2799 Eo
1546 2758 1724 2811 magis¹3
1748 2759 1930 2798 Patricii
1952 2759 2121 2798 Manlio

278 2829 435 2867 infesti
467 2833 607 2873 erant,
631 2828 952 2878 hominemque
985 2829 1154 2878 optime
1175 2828 1229 2866 de
1251 2828 1483 2878 repubIIca
1515 2826 1776 2874 meritumn,
1803 2827 2011 2866 omnibus
2043 2826 2118 2865 ho-

323 2923 332 2943 ¹
354 2922 456 2953 Gave
475 2922 538 2953 the
555 2923 679 2954 alarm.
693 2922 759 2945 —2
773 2922 816 2953 In
833 2930 976 2954 smnmo
991 2922 1215 2956 constiterat,
1235 2922 1344 2953 stood
1363 2930 1410 2953 on
1431 2921 1493 2953 the
1507 2927 1571 2961 top
1586 2922 1625 2952 os
1641 2922 1703 2953 the
1721 2921 1800 2953 hill.
1812 2939 1853 2944 —
1867 2921 1966 2953 ³Are
1982 2920 2117 2952 hurled

277 2962 360 2994 into
377 2964 440 2994 the
451 2963 576 3002 abyss.
592 2982 633 2986 —
646 2964 660 2984 4
678 2963 711 2994 A
727 2969 793 2994 not
808 2963 1170 3003 contmnptiblegift.
1186 2982 1226 2995 s—
1239 2963 1253 2983 5
1277 2962 1384 3005 Quo..
1402 2963 1597 3000 liberaret,
1616 2963 1665 3002 by
1684 2962 1805 2994 which
1824 2962 1870 2993 hc
1889 2971 1964 2994 was
1980 2966 2019 2993 to
2038 2963 2114 2993 free

279 3004 458 3042 (relieve).
471 3023 512 3026 —-
524 3005 537 3024 θ
551 3005 656 3035 After
671 3005 733 3035 the
752 3004 894 3043 receipt
911 3005 952 3035 os
966 3004 1089 3035 which
1108 3013 1201 3036 sum.
1217 3005 1280 3027 —7
1298 3005 1385 3036 Was
1399 3006 1437 3035 to
1454 3004 1546 3036 lead.
1560 3023 1601 3027 —
1613 3004 1626 3024 Β
1642 3005 1694 3035 As
1712 3003 1865 3044 quickly
1879 3012 1919 3035 as
1936 3002 2116 3042 possible.

277 3063 318 3068 —
336 3045 350 3065 ⁹
368 3045 539 3084 [mmmm
563 3045 806 3084 aedificandi,
825 3045 890 3076 the
914 3045 1087 3084 building
1111 3053 1310 3085 expensos„
1332 3063 1370 3068 —
1388 3045 1420 3066 1⁰
1438 3045 1513 3077 For
1536 3045 1599 3076 the
1622 3053 1783 3085 purpose
1814 3045 1854 3075 of
1877 3044 2060 3080 buildinss.
2079 3062 2116 3067 —

280 3086 311 3108 ¹¹
330 3087 596 3159 Atbfnormous
613 3087 783 3119 interest.
802 3104 843 3109 —
861 3086 894 3108 ¹2
911 3086 947 3118 It
963 3087 1219 3126 happened.—
1237 3086 1268 3108 ¹³
1286 3087 1367 3118 The
1382 3095 1498 3119 more.
1513 3104 1553 3110 --
1565 3086 1598 3108 1⁴
1617 3086 1769 3126 Greatly
1783 3085 1985 3125 deserving
1996 3085 2038 3116 of
2054 3084 2118 3117 tho

278 3135 369 3167 repu
414 3136 458 3160 lc.
