2200 3519
646 204 810 242 LIBER
832 205 868 254 1,
896 201 1018 246 7-10.
1101 195 1172 258 [A.
1212 206 1264 244 U.
1306 194 1454 257 1-38.]
1875 197 1977 249 119

619 341 792 374 1101111111
815 349 1080 375 DEcmmsxon.
1129 342 1263 383 (Study
1279 342 1318 384 ξς
1333 342 1387 376 47.
1405 343 1475 383 48.)

175 398 275 439 VII.
312 398 403 438 Ubi
437 398 534 439 dies
573 398 788 438 ludorum
822 399 963 447 venit,
1002 399 1163 452 ingens
1200 412 1445 440 concursus
1481 400 1572 440 fuit
1607 400 1863 441 vicinerum
1898 401 1976 452 qui

121 480 225 508 cum
256 468 531 520 conjugibus
562 479 614 506 ac
643 467 800 507 liberis
834 467 1127 508 advenerant.
1190 468 1492 520 Hospitaliter
1526 482 1608 521 per
1642 469 1799 509 domos
1834 469 1973 519 ducti,

115 537 255 577 situm
280 537 406 575 urbis
428 540 472 575 et
494 536 802 587 frequentiam
831 536 996 576 aedium
1018 537 1255 578 mirantur.
1313 537 1501 586 Deinde,
1527 551 1671 589 quum
1702 538 1888 577 advenae
1918 537 1975 577 ad

115 608 408 656 conspectum
441 604 654 644 luderum
683 605 848 644 intenti
871 609 1036 653 essent,
1061 612 1178 645 nutu
1200 605 1385 645 Romuli
1413 606 1606 658 juvenes
1637 606 1831 646 Romani
1860 606 1978 646 filias

114 673 350 725 hospitum
372 678 560 714 suerum
579 672 984 724 comprehendunt,
1005 680 1049 713 et
1067 675 1185 713 inter
1206 674 1340 714 fletus
1362 679 1406 714 et
1427 676 1628 727 gemitus
1648 676 1908 726 parentium
1928 676 1978 715 in

115 755 244 782 suam
266 742 461 793 quisque
483 741 685 780 (1011111111ι
705 741 952 782 abducunt.
1016 741 1175 782 Patres
1197 743 1431 794 virginum
1455 748 1690 794 raptarum
1715 756 1817 783 cum
1839 744 1977 784 minis

115 823 169 850 ex
187 811 299 850 urbe
323 811 524 862 fugiunt.
584 810 870 850 Caeninenses
892 811 1029 861 primi
1050 823 1212 862 agrum
1234 811 1491 851 Romanum
1513 824 1616 851 cum
1634 812 1837 851 exercitu
1853 813 1976 851 inva-

113 879 238 919 dunt.
305 879 392 918 Sed
418 879 570 930 fug-<iti
602 884 709 919 sunt
729 892 755 917 a
776 879 985 927 Romulo,
1006 881 1086 931 qui
1108 892 1262 931 regem
1284 885 1442 919 eerum
1471 881 1519 920 in
1540 881 1702 932 proelio
1722 881 1973 929 interfecit,

114 952 159 988 et
179 947 380 988 hostium
403 949 563 987 urbem
585 948 733 999 primo
754 948 929 999 impetu
951 949 1083 1000 cepit.
1147 949 1368 989 Similiter
1387 954 1545 1000 postea
1565 953 1610 989 et
1630 949 1977 989 Antemnatium

112 1022 158 1057 et
179 1017 580 1057 Crustuminerum
601 1018 829 1057 exercitus
852 1018 1013 1069 proelio
1034 1018 1160 1066 victi,
1181 1031 1430 1069 eorumque
1452 1019 1618 1071 oppida
1640 1023 1770 1071 capta
1792 1023 1914 1060 sunt.

633 1091 763 1124 Fmrn
787 1100 1050 1125 DECLENSION.
1099 1092 1235 1133 (Study
1251 1093 1290 1134 §g
1305 1094 1357 1126 49.
1376 1094 1445 1132 50.)

165 1148 289 1189 VIII.
324 1148 472 1188 Multo
492 1149 680 1201 gravius
698 1149 872 1188 bellum
895 1150 986 1188 fuit
1004 1162 1108 1189 cum
1130 1149 1322 1190 Sabinis.
1386 1151 1560 1198 Tatius,
1582 1163 1663 1190 rex
1688 1150 1977 1200 Sabinerum‚

111 1219 362 1257 exercitum
399 1218 446 1256 in
483 1229 643 1269 agrum
680 1217 937 1257 Romanum
969 1218 1115 1258 duxit.
1180 1219 1286 1258 Arci
1316 1218 1530 1259 Romanae
1560 1223 1750 1271 praeerat
1782 1220 1975 1271 Spurius

112 1286 353 1339 Tarpejus.
417 1286 576 1326 Tatius
608 1286 748 1325 filiam
771 1286 973 1338 Tarpeji,
999 1299 1079 1338 spe
1102 1299 1277 1338 magnae
1298 1288 1536 1336 mercedis,
1562 1290 1762 1339 corrsipit
1789 1292 1837 1328 ut
1858 1289 1975 1329 clam

109 1355 281 1394 milites
306 1355 580 1395 Sabinorum
609 1356 656 1393 in
687 1367 836 1394 arcem
867 1355 1141 1396 admitteret.
1206 1356 1356 1404 Quum
1379 1356 1575 1409 Tarpeja
1595 1357 1849 1397 mercedem
1880 1370 1976 1408 pro-

107 1424 297 1464 missam
325 1427 521 1475 rogaret,
557 1424 716 1463 Tatius
739 1436 838 1463 eam
861 1425 1013 1463 necari
1042 1424 1214 1476 jussit²,
1241 1426 1348 1476 quia
1378 1424 1515 1465 fidem
1545 1426 1765 1477 proditeri
1793 1432 1974 1466 servare

109 1493 306 1533 nolebat.
364 1492 550 1532 Postero
568 1493 640 1532 die
657 1492 828 1532 Hostus
847 1492 1072 1532 Hostilius
1089 1494 1231 1533 aciem
1250 1494 1499 1533 Romanam
1523 1495 1755 1535 instruxit.
1808 1494 1975 1534 Utrim-

109 1574 198 1613 que
213 1562 378 1601 acriter
394 1566 641 1613 pugnatur.
689 1561 776 1601 Sed
792 1574 936 1613 quum
954 1561 1126 1602 Hostus
1145 1562 1393 1610 cecidisset,
1413 1564 1530 1602 acies
1548 1562 1856 1604 Romanerum
1869 1564 1974 1603 fusa

107 1635 191 1677 est,
211 1634 256 1670 et
288 1643 434 1682 usque
452 1630 510 1669 ad
536 1634 690 1681 portas
721 1631 848 1670 urbis
879 1631 1054 1682 fugata.
1111 1631 1179 1670 Ibi
1201 1631 1425 1670 Romulus
1456 1644 1661 1684 pugnam
1692 1632 1970 1683 redintegra-

110 1700 192 1746 vit,
211 1704 255 1739 et
272 1699 416 1739 hostis
439 1699 609 1750 repulit
631 1712 776 1751 usque-
796 1700 845 1738 in
863 1700 1114 1739 convallem
1129 1713 1230 1751 quae
1243 1704 1338 1740 erat
1355 1701 1474 1739 inter
1495 1700 1726 1739 Palatium
1744 1704 1788 1740 et
1805 1713 1968 1742 arcem.

110 1776 295 1810 Gmmnn.
342 1777 541 1810 MOVABLE
559 1778 823 1810 ADJECTIVES.
872 1777 916 1817 (1.
936 1776 1093 1810 Review
1106 1777 1170 1810 the
1186 1777 1285 1809 rules
1303 1786 1351 1810 on
1368 1777 1523 1818 gender‚
1541 1778 1580 1819 §g
1596 1779 1724 1819 21-273
1749 1778 1767 1820 ἓ
1783 1779 1846 1818 34;
1871 1778 1889 1820 ξ
1906 1779 1971 1819 38ς

657 1820 674 1860 ἓ
690 1820 732 1852 40
748 1829 756 1859 ;
782 1819 878 1861 54&
903 1820 921 1861 ξ
939 1820 1069 1852 50.—2.
1097 1819 1219 1860 Study
1235 1820 1273 1861 ἐξ
1290 1821 1424 1857 65—68.)

162 1876 238 1915 IX.
276 1876 393 1915 Tum
417 1876 570 1916 subito
593 1875 770 1915 Sabinae
791 1876 1008 1916 mulieres
1028 1876 1222 1916 infestas
1244 1878 1362 1916 acies
1379 1877 1675 1925 diremerunt,
1698 1881 1742 1916 et
1763 1877 1973 1928 implora-

107 1945 216 1984 bant
238 1950 487 1997 pugnantis
505 1949 555 1983 ut
578 1957 734 1996 pacem
755 1945 875 1983 inter
896 1957 943 1984 se
961 1948 1174 1985 facerent.
1238 1945 1547 1996 Repentinum
1569 1945 1803 1985 silentium
1820 1950 1972 1985 ortum

108 2018 188 2053 est.
252 2013 424 2053 Deinde
446 2013 583 2052 duces
614 2025 771 2063 pacem
801 2013 1019 2059 inierunt,
1042 2014 1105 2052 ita
1126 2017 1177 2052 ut
1199 2026 1290 2052 una
1312 2014 1474 2053 civitas
1508 2013 1655 2053 fieret³
1678 2027 1734 2053 ex
1756 2013 1973 2054 Romanis

109 2081 393 2133 Sabinisque,
421 2087 472 2121 ut
495 2081 653 2120 Tatius
686 2085 730 2120 et
761 2081 985 2121 Romulus
1015 2086 1107 2121 una
1135 2082 1414 2133 regnaren‘ff’,
1441 2086 1485 2121 et
1506 2087 1557 2121 ut
1578 2083 1820 2122 consociati
1852 2083 1972 2123 cives

107 2149 469 2203 appellarentur⁵
507 2150 719 2198 Quirites,
759 2162 785 2189 a
825 2151 1036 2198 Curibus,
1073 2150 1185 2189 urbe
1221 2149 1508 2191 Sabinerum.
1572 2151 1731 2190 Tatius
1762 2155 1973 2191 mortuus

108 2225 176 2260 est
198 2234 340 2271 quum
372 2233 515 2259 unum
546 2232 717 2259 annum
740 2232 843 2259 cum
876 2219 1071 2259 Romulo
1093 2217 1356 2272 regnasset⁶.
1420 2219 1585 2259 Paullo
1604 2224 1707 2272 post
1729 2220 1972 2261 Fiden-cites

106 2289 154 2328 in
196 2302 358 2341 agrum
400 2289 658 2328 Romanum
698 2289 921 2340 impetum
966 2289 1189 2328 fecerunt.
1262 2287 1489 2330 Romulus
1529 2301 1605 2328 eos
1644 2288 1806 2339 proelio
1841 2289 1966 2337 vicit,

108 2358 316 2409 cepitque
339 2357 550 2405 Fidenas,
576 2370 676 2409 quae
704 2358 795 2397 fuit
829 2357 936 2397 urbs
966 2358 1012 2397 in
1044 2357 1187 2404 Latio,
1207 2356 1333 2396 haud
1354 2356 1510 2408 procul
1532 2369 1558 2395 a
1579 2356 1735 2397 Roma.
1799 2356 1971 2397 Deinde

106 2425 373 2479 Vejentium
404 2427 632 2466 exercitus
663 2439 689 2465 a
721 2426 917 2466 Romulo
947 2427 1096 2466 victus
1129 2430 1210 2467 est.
1274 2425 1515 2474 Romulus,
1540 2438 1684 2477 quum
1720 2426 1972 2465 exercitum

107 2495 163 2534 ad
185 2495 340 2546 Caprae
362 2495 574 2546 paludem
598 2499 866 2543 recenseret,
892 2503 944 2534 ut
966 2495 1125 2534 fabula
1146 2495 1299 2542 tradit,
1325 2495 1445 2534 inter
1467 2495 1575 2535 solis
1605 2495 1971 2535 obscurationem

108 2564 261 2604 subito
282 2576 338 2602 ex
361 2568 604 2615 conspectu
625 2563 785 2615 populi
806 2564 990 2603 ablatus
1012 2570 1080 2603 est
1101 2564 1149 2603 in
1172 2564 1352 2603 coelum.
1416 2563 1644 2615 Regnavit
1665 2563 1854 2614 triginta
1876 2575 1971 2614 sep·

106 2635 200 2671 tem
223 2645 376 2672 annos.

550 2692 802 2725 Anmc‘rrvss
826 2701 877 2725 01⁴·
902 2699 1069 2725 0011111011
1093 2700 1269 2725 GENDER.
1318 2692 1370 2733 (ἓὲ
1386 2692 1519 2732 69-72.)

107 2744 306 2828 thffitgrfius
338 2743 422 2788 Que,
442 2743 659 2786 signifying
678 2744 839 2784 ⁶·a11d”,
861 2744 892 2776 is
916 2744 1037 2777 added
1058 2753 1099 2777 as
1123 2744 1232 2785 suffice
1255 2746 1295 2777 to
1317 2745 1428 2777 other
1446 2743 1594 2776 words:
1619 2742 1811 2783 Isimque,
1828 2742 1904 2774 and
1919 2742 1970 2784 by

163 2843 216 2884 X.
254 2845 360 2883 Post
378 2844 562 2882 Romuli
585 2848 792 2891 mortem,
814 2842 968 2882 Numa
985 2843 1240 2893 Pompilius
1263 2855 1288 2880 a
1310 2846 1470 2882 senatu
1490 2842 1751 2893 populeque
1767 2841 1969 2881 Romano

110 2925 187 2951 rex
225 2917 403 2952 creatus
434 2918 514 2952 est.
579 2912 686 2951 Fuit
725 2912 935 2958 Sabinu&
965 2916 1009 2950 et
1041 2911 1237 2950 Curibus
1273 2910 1572 2950 habitaverat.
1637 2909 1680 2949 Is
1716 2923 1884 2949 annum
1920 2911 1968 2949 in

151 3011 164 3034 ²
183 3011 229 3044 In
253 3019 360 3043 svam
383 3012 540 3052 quisquo
564 3013 730 3047 domum.
750 3011 843 3043 each
868 3011 950 3043 into
973 3010 1032 3042 his
1058 3019 1142 3040 own
1170 3009 1300 3043 house.
1314 3010 1382 3033 --2
1400 3008 1499 3042 Eam
1516 3009 1641 3042 necari
1658 3008 1787 3048 jvmt,
1805 3017 1897 3049 gave
1911 3017 1968 3040 or·

106 3051 192 3085 ders
206 3058 247 3085 to
260 3053 327 3084 kill
342 3053 418 3086 her.
433 3072 475 3077 —-
488 3053 502 3075 ³
516 3053 661 3086 Should
678 3055 722 3085 be
734 3053 889 3085 formed.
904 3071 946 3076 —
959 3052 974 3075 ⁴
987 3051 1132 3085 Should
1144 3060 1298 3094 govern.
1312 3071 1352 3076 —-
1366 3052 1380 3074 ⁵
1392 3051 1536 3084 Should
1554 3051 1600 3084 be
1619 3050 1752 3084 called.
1765 3069 1806 3075 -
1820 3049 1967 3094 ⁶Quum

107 3096 304 3134 reqnasset.
325 3095 421 3127 aster
437 3095 483 3127 he
501 3095 572 3127 had
592 3095 759 3136 reigned.
