2200 3519
214 235 317 286 124
648 248 810 285 mem
844 248 881 295 1,
921 242 1068 281 2021.
1160 235 1228 295 [A.
1269 245 1319 282 U.
1374 233 1599 294 136-174]

759 386 969 418 ABSOLUTE
992 385 1240 419 ADJECTIVES
1259 385 1311 426 (ςὲ
1327 386 1502 426 304-306.)

266 447 364 489 XX.
399 448 672 500 Tarquinius
706 449 794 488 duo
826 449 947 488 bella
978 449 1132 500 gessit,
1158 449 1352 487 alterum
1375 461 1476 488 eum
1509 448 1703 496 Sabinis,
1727 449 1921 488 alterum
1943 461 2046 489 cum

213 515 398 556 Latinis.
459 516 580 555 Illud
598 516 611 537 ¹
630 518 777 568 primo
798 518 985 556 fortuna
1018 517 1204 567 ancipiti
1238 520 1417 567 gestum
1453 520 1535 563 est,
1555 517 1715 555 deinde
1737 529 1841 556 vero
1871 523 2049 557 summa

213 596 315 623 cum
338 585 462 624 clade
493 584 764 624 Sabinorum
790 585 983 624 finitum.
1046 583 1104 623 Hi
1137 585 1287 624 subito
1308 585 1528 624 Anienem
1558 584 1727 623 fiumen
1763 586 2047 632 transierant,

212 652 479 702 priusquam
509 652 739 693 Romanus
770 653 998 692 exercitus
1026 664 1101 692 eos
1130 651 1369 702 prohibere
1390 656 1553 702 posset.
1616 651 1783 703 Magna
1804 664 1904 691 cum
1935 651 2050 691 caede

212 719 259 758 in
296 724 538 771 conspectu
573 721 698 760 urbis
736 725 994 772 pugnatum
1030 726 1097 760 est
1118 734 1127 767 ;
1171 720 1250 760 sed
1289 720 1426 758 dubia
1465 720 1555 758 fuit
1595 720 1794 759 victoria.
1857 719 2050 769 Utrique

213 788 362 838 copias
380 800 484 828 suas
505 788 796 830 reduxerunt.
858 787 910 826 Id
927 788 1170 838 Tarquinio
1188 788 1384 838 spatium
1403 787 1525 825 dedit
1542 787 1598 825 ad
1618 799 1787 825 novum
1805 788 2052 826 exercitum

213 857 537 899 561111611ᾶι1111.2
594 859 842 910 Postquam
875 859 983 899 satis
1004 859 1172 897 virium
1206 858 1400 909 collegit,
1442 858 1496 896 de
1526 859 1703 908 integro
1738 870 1840 896 cum
1874 856 2052 897 Sabinis

213 928 426 968 conflixit.
470 928 592 967 Inter
609 940 812 979 pugnam
830 940 957 978 pons,
974 939 1111 977 quem
1130 925 1284 965 hostes
1305 926 1351 963 in
1373 926 1591 964 Anienem
1613 926 1828 970 fecerant,
1848 937 1873 963 a
1893 925 2051 965 Roma-

212 996 282 1035 nis
321 995 589 1035 incenditur.
652 995 748 1034 Hoc
783 1007 1013 1035 summum
1048 998 1268 1033 terrorem
1299 992 1476 1033 Sabinis
1506 992 1675 1032 intulit.
1739 992 1917 1031 Interea
1946 992 2053 1031 Tar-

213 1064 397 1114 quinius
425 1076 527 1102 cum
558 1063 768 1103 omnibus
799 1063 938 1113 copiis
969 1061 1115 1101 hostis
1149 1061 1334 1100 adortus
1366 1064 1447 1107 est,
1468 1060 1546 1110 qui
1576 1061 1799 1110 impetum
1831 1060 2054 1099 sustinere

213 1144 302 1170 non
324 1135 582 1181 potuerunt.
646 1131 811 1171 Omnes
831 1134 960 1180 terga
976 1133 1175 1176 vertunt,
1197 1133 1240 1167 et
1257 1128 1312 1166 ab
1334 1129 1564 1178 equitibus
1585 1129 1632 1166 in
1653 1127 1821 1166 fiumen
1842 1134 2055 1179 aguntur,

217 1199 289 1237 ubi
315 1199 522 1249 plerique
544 1199 790 1250 perierunt.
854 1197 995 1238 Pauci
1026 1209 1072 1237 se
1102 1198 1147 1235 in
1177 1199 1346 1235 montis
1366 1200 1643 1246 receperunt.
1709 1195 1884 1235 Sabinis
1902 1194 1916 1215 ³
1939 1195 2055 1234 nihil

213 1267 339 1305 aliud
374 1267 638 1317 ademptum
673 1270 741 1306 est
775 1278 912 1317 quam
934 1265 1124 1304 Collatia
1145 1264 1374 1315 oppidum.
1437 1264 1610 1302 Deinde
1645 1263 1844 1303 Latinis⁴¹
1883 1264 2055 1303 bellum

211 1333 432 1373 indictum
463 1338 543 1373 est.
605 1332 665 1371 Hi
700 1332 901 1372 Romano
935 1334 1155 1372 exercitui
1194 1334 1240 1372 iu
1279 1333 1374 1372 acie
1414 1333 1621 1371 resistere
1651 1333 1750 1371 ausi
1788 1344 1878 1370 non
1913 1335 2019 1371 sunt
2039 1341 2049 1375 ;

214 1407 394 1440 tantum
430 1407 648 1442 terrorem
678 1400 885 1440 Romana
905 1413 1030 1439 arma
1053 1400 1258 1440 finitimis
1280 1401 1543 1440 intulerant.
1605 1399 1754 1439 Multa
1782 1400 1946 1451 oppida
1966 1400 2048 1439 La-

212 1470 322 1509 tinis
343 1470 553 1520 adempta
575 1474 705 1517 sunt3
727 1469 886 1508 deinde
911 1481 999 1519 pax
1022 1481 1123 1508 cum
1145 1470 1208 1509 eis
1232 1470 1352 1508 facta
1373 1474 1452 1508 est.

422 1564 581 1596 Review
597 1563 782 1596 Absolute
802 1563 1029 1602 Adjectives,
1048 1563 1261 1599 Pronouns,
1279 1563 1351 1595 and
1367 1562 1667 1595 Determinative
1684 1562 1912 1602 Adjectives.

266 1620 384 1659 XXI.
414 1619 548 1658 Fuit-³
580 1620 764 1670 quidam
805 1619 987 1659 Servius
1023 1619 1216 1669 Tullius,
1257 1632 1395 1659 servae
1419 1619 1760 1669 Tarquiniensis
1795 1619 1931 1666 filius,
1972 1620 2051 1670 qui

214 1689 332 1726 inter
352 1689 546 1726 famulos
568 1688 714 1738 regios
737 1687 1024 1726 educabatur.
1088 1687 1185 1725 Non
1210 1687 1345 1725 latuit
1368 1699 1518 1738 regem
1542 1687 1738 1725 scintilla
1758 1688 1930 1738 ingenii
1951 1700 2050 1738 quae

209 1756 305 1805 jam
327 1760 425 1794 tum
451 1755 655 1794 elucebat
676 1755 720 1792 in
744 1767 895 1805 puero.
960 1754 1119 1804 Itaque
1139 1755 1426 1804 Tarquinius,
1440 1755 1511 1805 cuj
1523 1767 1571 1793 us
1593 1754 1675 1792 filii
1695 1759 1793 1793 tum
1810 1755 2050 1794 admodum

215 1824 345 1874 parvi
367 1827 530 1869 essent,
560 1835 663 1860 eum
686 1834 862 1861 summo
898 1822 1046 1861 studio
1087 1822 1284 1860 erudivit
1325 1823 1679 1872 exquisitissima
1713 1822 1806 1871 illa,
1827 1827 1917 1872 qua
1952 1823 2052 1873 ipse

213 1891 454 1934 eminebat,
499 1891 713 1929 doctrina.
792 1889 974 1928 Servius
1015 1891 1158 1928 evasit
1197 1891 1378 1940 juvenis
1418 1903 1522 1928 vere
1562 1891 1696 1941 regiae
1736 1890 1899 1929 indolis
1921 1905 1930 1938 ;
1970 1903 2052 1929 1166

212 1959 453 2008 quisquam
476 1970 577 1996 cum
601 1969 651 1996 eo
674 1957 771 1996 ullz'i,
791 1958 837 1995 in
859 1962 954 1996 arte
977 1958 1171 1995 conferri
1193 1958 1353 2008 potuit.
1416 1956 1575 2007 Itaque
1596 1969 1676 1995 rex
1698 1958 1739 1995 ei
1760 1957 1899 1995 filiam
1922 1970 2049 1996 suam

212 2026 258 2063 in
280 2026 618 2064 matrimonium
654 2025 789 2064 dedit.
854 2025 922 2063 Ne
957 2026 1027 2064 sui
1061 2023 1276 2075 (1111(161116
1298 2025 1380 2063 filii
1416 2025 1660 2075 Tarquinio
1694 2029 1915 2075 uxorique
1948 2026 2050 2076 ejus

214 2094 408 2133 cariores
448 2100 587 2132 erant.
650 2092 834 2131 Nemini
872 2092 947 2132 hic
988 2094 1118 2131 favor
1156 2094 1277 2144 regis
1299 2094 1444 2144 magis
1475 2093 1574 2131 odio
1593 2093 1605 2114 ⁷
1649 2093 1740 2131 fuit
1769 2105 1907 2143 quam
1938 2093 2049 2131 Anci

212 2161 368 2199 Marcii
403 2161 523 2207 filiis,
549 2161 642 2211 qui,
663 2161 993 2211 quinquaginta
1016 2162 1111 2199 fere
1132 2172 1272 2200 annos
1295 2162 1402 2210 nati,
1429 2173 1571 2211 quum
1593 2160 1867 2210 Tarquinius
1890 2160 2051 2198 duode-

215 2229 562 2279 quadragesimo
595 2241 712 2267 anno
748 2233 969 2280 regnaret,
996 2241 1121 2278 spem
1154 2241 1282 2268 suam
1318 2229 1444 2279 regni
1467 2232 1567 2279 post
1589 2228 1886 2278 Tarquinium
1909 2227 2049 2278 adipi-

217 2297 370 2337 scendi
390 2296 404 2316 ⁸
425 2297 556 2335 valde
577 2297 857 2335 deminutam
889 2297 1106 2335 viderent.
1171 2296 1420 2334 Consilium
1443 2300 1657 2346 ceperunt
1688 2308 1840 2347 regem
1863 2296 2048 2346 Tarqui-

216 2365 345 2402 nium
380 2363 644 2403 occidendi.⁹
717 2364 1012 2403 Protulerunt
1032 2364 1178 2402 multa
1200 2364 1366 2414 quibus
1386 2363 1471 2402 hoc
1492 2363 1638 2402 scelus
1661 2368 1876 2402 excusare
1898 2363 2047 2402 stude-

215 2435 329 2477 rent,
354 2431 577 2481 imprimis
599 2431 715 2481 quod
749 2444 842 2478 rex,
868 2435 990 2469 tutor
1013 2435 1183 2477 eorum,
1209 2442 1401 2480 regnum
1431 2431 1542 2480 ipsis
1564 2430 1763 2476 reddere,
1789 2434 1833 2467 et
1855 2443 1942 2468 non
1965 2431 2049 2469 sibi

214 2502 366 2537 tenere
380 2498 622 2537 debuisset.
634 2497 661 2517 ¹⁰
698 2498 821 2536 Duos
839 2498 1139 2537 ferocissimos
1157 2510 1211 2536 ex
1225 2498 1480 2547 pastoribus
1494 2497 1550 2535 ad
1567 2497 1744 2535 facinus
1761 2497 2040 2549 delegerunt.

215 2565 273 2603 Hi
289 2567 334 2603 in
353 2565 578 2604 vestibulo
594 2566 739 2616 regiae,
761 2566 907 2615 spe-cie
921 2566 1043 2612 rixae,
1061 2565 1469 2604 tumultuosissime
1483 2566 1600 2604 inter
1615 2577 1662 2604 se
1673 2565 2052 2615 vociferabantur,

214 2633 277 2670 ita
300 2638 349 2670 ut
376 2633 655 2683 apparitores
686 2634 831 2683 regios
853 2634 898 2671 in
930 2645 977 2672 se
1008 2637 1331 2673 converterent.
1390 2632 1539 2680 Quum
1574 2633 1705 2671 ambo
1723 2644 1874 2683 regem
1896 2634 2047 2684 appel-

214 2700 372 2747 larent,
394 2701 450 2738 ad
471 2701 766 2751 Tarquinium
784 2702 929 2739 vocati
950 2705 1066 2740 sunt.
1130 2701 1257 2739 Alter
1273 2705 1428 2740 eorum
1450 2700 1573 2750 loqui
1591 2701 1737 2750 coepit.
1805 2701 1951 2747 Quum
1970 2713 2048 2739 rex

214 2767 416 2806 intentus
456 2769 503 2807 in
541 2781 646 2807 eum
682 2781 727 2807 se
751 2772 1043 2814 converteret,
1069 2768 1184 2806 alter
1223 2768 1416 2807 securim
1451 2768 1498 2805 in
1534 2772 1668 2817 caput
1709 2769 1826 2819 regis
1869 2768 2048 2819 dejecit.

215 2835 360 2874 Ambo
381 2835 621 2886 effugiunt,
643 2836 720 2874 sed
736 2849 761 2873 a
782 2836 1012 2874 lictoribus
1035 2835 1360 2885 comprehensi,
1385 2835 1441 2873 ad
1463 2835 1740 2884 supplicium
1782 2836 2039 2875 trahuntur.

258 2956 269 2976 1
286 2955 365 2985 Tne
393 2956 614 2987 formem—2
629 2957 692 2988 Ad
716 2957 916 2988 accercitum
943 2956 1188 2995 scribendum,
1209 2958 1246 2987 to
1273 2955 1372 2987 drast
1389 2963 1436 2986 an
1452 2963 1609 2994 army.—·
1626 2955 1639 2976 ³
1659 2956 1771 2986 From
1789 2956 1851 2987 the
1878 2956 2047 2988 Sa¹»ines.

214 2997 279 3019 —4
300 2997 458 3035 ,Ἆῤ-’,11111151
485 2997 546 3028 the
575 2997 716 3028 Latius.
730 3016 769 3020 -—
782 2998 796 3017 ⁵
814 2998 936 3028 There
963 3007 1086 3029 was.—
1107 2998 1121 3017 ὃ
1141 2997 1193 3027 Xe
1211 2997 1267 3028 sui
1289 2997 1449 3037 quidem,
1466 3000 1533 3027 not
1559 3005 1650 3027 even
1668 2996 1726 3027 his
1743 3006 1838 3028 own.
1855 3015 1895 3020 —
1908 2997 1919 3018 ‘²
1940 2997 2050 3028 Hate-

216 3036 282 3069 ful.
297 3054 336 3059 ——
348 3038 362 3058 8
381 3038 488 3076 Spem
504 3046 612 3069 suam
627 3038 733 3077 requi
749 3039 992 3077 stetim-‹cendag
1010 3038 1107 3070 their
1124 3038 1220 3076 hope
1239 3038 1280 3069 of
1299 3038 1499 3075 obtaining
1515 3037 1577 3069 the
1595 3037 1739 3068 throne.
1753 3056 1790 3061 -
1805 3038 1819 3059 ⁹
1839 3038 1890 3070 Os
1901 3037 2047 3079 killing.

223 3077 301 3102 -10
318 3077 514 3127 Ingprimis
529 3080 627 3119 quod
643 3087 708 3112 rece:
723 3080 839 3112 tenere
853 3080 1041 3119 debuisse&
1060 3079 1264 3119 especially
1280 3079 1362 3111 that
1378 3078 1440 3111 the
1455 3078 1550 3120 king
1565 3078 1684 3120 ought
1701 3083 1740 3111 ιο
1757 3079 1852 3112 have
1867 3078 1965 3112 held.
