2200 3519
560 201 726 239 LIBER
757 201 816 249 11,
847 196 911 237 33.
933 195 1001 237 34.
1083 187 1153 255 [A.
1189 201 1240 238 U.
1271 194 1364 237 539.
1387 186 1507 248 540.]
1860 185 1962 236 165

116 342 253 382 simul
286 346 440 393 eoeptae
475 343 734 394 oppugnari
771 342 1015 394 Syracusae.
1078 342 1338 389 Marcellus,
1372 340 1584 380 omnibus
1615 339 1754 389 copiis
1790 339 1966 389 impetu

115 410 250 458 facto,
285 412 479 461 cepisset
518 411 690 457 urbem,
731 411 817 449 nisi
856 424 976 450 unus
1015 410 1149 450 homo
1187 409 1421 461 Syracusis
1457 420 1507 447 eo
1542 412 1743 457 tempore
1785 407 1963 455 fuisset,

114 478 424 524 Archimedes,
445 480 515 518 vir
533 479 781 518 immortali
800 479 938 525 fama,
955 479 1268 518 nobilissimus
1285 480 1512 529 spectator
1530 475 1623 515 caeli
1645 475 1968 526 siderumque¹‚

114 547 369 586 mirabilior
390 553 542 586 tamen
574 547 763 586 rationis
786 547 975 586 naturae*2
998 544 1402 598 physicorumque³
1435 544 1748 595 investigator.
1808 543 1851 582 Is
1881 545 1967 594 pri-

115 614 235 654 mus⁴
269 614 641 654 mathematicam
675 619 719 654 et
756 615 1009 666 physicam,
1044 627 1182 665 quam
1219 611 1591 665 excogitaverat-⁵,
1635 609 1875 650 11111ὄ110111ὃ
1914 611 1970 649 ad

115 682 367 722 machinas⁷
408 683 668 734 applicavit.
732 683 874 723 Novis
914 684 1224 733 inauditisque
1264 682 1490 733 operibus,
1534 680 1842 720 Romanorum
1882 694 1971 719 11011

114 750 359 790 tormenta⁸
393 752 555 799 solum,
582 752 660 791 sed
680 753 803 803 ipsas
825 755 970 799 navis,
997 753 1034 791 si
1056 752 1199 791 muris
1221 751 1412 790 admotae
1435 753 1576 799 erant,
1603 749 1794 788 delebat.
1858 749 1971 787 Mar-

115 819 257 859 cellus
278 821 435 872 igitur,
455 821 671 871 quoniam
693 821 844 859 omnia
867 825 1026 860 conata
1046 818 1262 859 111(111)1“109
1286 831 1412 870 paene
1434 822 1574 866 erant,
1596 817 1969 868 oppugnationem

115 887 335 928 absistere
366 894 546 928 coactus
568 892 650 934 est,
677 889 928 940 urbemque
959 893 1080 928 terra
1109 894 1314 939 marique
1344 886 1620 926 obsidendo¹1
1651 886 1973 925 commeatibus

115 957 418 998 intercludere
455 957 601 1007 coepit.
665 956 748 996 His
784 957 920 997 rebus
957 961 1186 1009 permotae,
1223 961 1266 995 et
1302 956 1574 995 Himilconis
1611 955 1751 994 classe
1787 954 1969 1006 adjfitae,

116 1039 272 1066 omnes
303 1026 400 1064 fere
432 1025 594 1065 Siciliae
616 1026 822 1064 civitates
852 1026 908 1064 ad
931 1025 1329 1077 Carthaginienses
1359 1024 1579 1070 defecere,
1600 1023 1655 1061 ad
1678 1035 1789 1073 quas
1820 1022 1974 1072 recipi-

116 1094 254 1133 endas
276 1093 520 1132 Marcellus
543 1106 645 1132 cum
667 1094 800 1133 tertia
823 1095 918 1133 fere
936 1094 1160 1133 exercitus
1181 1097 1308 1144 parte
1330 1092 1563 1143 profectus
1586 1097 1665 1130 esti
1725 1091 1973 1141 Postquam

115 1163 201 1202 hoc
220 1163 453 1213 inceptum
473 1174 636 1212 parum
658 1161 929 1212 processit¹²‚
950 1162 1007 1200 ad
1031 1161 1277 1213 Syracusas
1298 1160 1566 1199 obsidendas
1587 1159 1732 1198 rediit.

664 1243 958 1276 COMPARATIVE
983 1242 1163 1275 CLAUSES
1189 1242 1243 1282 (ἐξ
1259 1241 1431 1274 399-406).

175 1300 382 1340 XXXIV.
418 1300 531 1340 Plus
561 1301 798 1339 biennium
832 1300 1075 1339 Marcellus
1098 1300 1257 1338 urbem
1278 1299 1506 1337 obsessam
1529 1298 1689 1344 tenuit,
1715 1309 1860 1347 quum
1891 1308 1974 1346 per

118 1382 249 1409 omne
273 1369 359 1408 hoc
387 1374 570 1420 tempus
601 1374 645 1408 et
668 1382 772 1408 cum
802 1368 1050 1408 Poenorum
1082 1369 1224 1406 classe
1245 1371 1540 1417 terrestrique
1563 1366 1766 1404 exercitu
1796 1369 1839 1403 et
1872 1377 1974 1403 cum

120 1438 377 1478 Siculorum
395 1438 581 1477 auxiliis
599 1437 909 1476 dimicandum
932 1441 1063 1476 esset.
1118 1436 1268 1475 Tertio
1285 1435 1469 1474 demum
1491 1446 1608 1472 anno
1627 1434 1742 1472 forte
1764 1434 1811 1471 in
1832 1433 1975 1471 muris

119 1507 159 1558 ej
170 1519 221 1545 us
240 1507 396 1557 partis,
418 1518 517 1556 quae
536 1505 739 1556 Epipolae
756 1505 1088 1556 appellabatur,
1114 1504 1239 1543 locus
1261 1505 1476 1542 inventus
1494 1507 1562 1541 est
1580 1502 1740 1540 ceteris
1760 1500 1976 1538 humilior

119 1580 164 1614 et
204 1574 278 1613 vel
318 1574 621 1612 mediocribus
662 1572 830 1613 scalis¹³
869 1572 1190 1624 superabilis¹⁴.
1267 1571 1411 1610 Simul
1453 1570 1690 1621 transfuga
1730 1569 1974 1614 nuntiavit,

119 1643 239 1682 diem
263 1643 435 1682 festum
457 1642 612 1682 Dianae
633 1655 715 1693 per
731 1641 938 1680 triduum
960 1641 1016 1679 ab
1035 1640 1328 1692 Syracusanis
1350 1638 1474 1691 agi¹⁵‚
1500 1651 1666 1689 eosque
1683 1638 1786 1676 vino
1802 1637 1976 1688 largius

120 1712 188 1750 uti
206 1723 344 1762 quam
367 1710 489 1749 soliti
510 1715 675 1758 essent,
697 1711 805 1761 quia
826 1710 915 1748 alia
935 1714 1120 1760 propter
1137 1708 1417 1748 obsidionem
1435 1707 1657 1746 deessent.
1713 1705 1975 1756 Insequenti

120 1785 249 1819 nocte
283 1780 410 1818 mille
440 1780 603 1818 armati
639 1791 719 1830 per
755 1779 989 1817 silentium
1022 1791 1073 1816 eo
1104 1777 1298 1823 deducti,
1326 1776 1459 1816 scalis
1495 1775 1611 1814 hanc
1646 1778 1820 1825 partem
1855 1773 1977 1812 muri

120 1848 382 1888 ascendunt.
446 1847 520 1895 Hi,
546 1860 689 1898 quum
720 1847 775 1885 ad
806 1851 997 1898 portam,
1022 1859 1121 1897 quae
1153 1845 1424 1896 Hexapylon
1454 1844 1785 1895 appellabatur,
1819 1855 1972 1893 perve-

121 1918 310 1960 nissent,
337 1916 545 1955 custodes
568 1917 673 1953 vino
695 1919 865 1965 sopitos
896 1915 1188 1954 interficiunt.
1255 1913 1392 1965 Signo
1413 1913 1531 1959 dato,
1553 1913 1668 1951 sicut
1697 1915 1973 1962 praeceptum

121 1990 231 2032 erat,
254 1990 297 2024 et
320 1984 558 2034 Hexapylo
579 1983 813 2031 effractoffi,
839 1983 1083 2022 Marcellus
1105 1995 1209 2021 cum
1231 1982 1440 2020 omnibus
1462 1981 1601 2031 copiis
1622 1980 1780 2018 urbem
1812 1979 1978 2029 ingres-

123 2066 200 2093 sus
218 2057 296 2092 est.
359 2052 531 2090 Milites
548 2052 627 2102 qui
647 2051 755 2090 huic
772 2052 890 2102 parti
914 2051 1038 2090 urbis
1061 2050 1267 2101 praesidio
1284 2054 1425 2096 erant,
1443 2061 1586 2099 quum
1603 2049 1709 2086 vino
1731 2051 1977 2097 somnoque

121 2121 334 2174 gravati¹⁷
356 2133 513 2159 omnes
531 2124 695 2166 essent,
713 2132 890 2158 summo
905 2124 1073 2170 pavore
1095 2119 1302 2169 correpti,
1323 2118 1369 2156 in
1391 2117 1592 2156 diversas
1617 2119 1757 2166 partis
1779 2115 1978 2165 ingentis

124 2190 249 2229 urbis
266 2187 562 2240 diffugiuntffi.
626 2188 826 2227 Tenebat
847 2189 942 2240 jam
966 2187 1210 2238 Syracusas
1231 2186 1474 2225 Marcellus
1497 2189 1657 2235 praeter
1674 2182 1978 2222 Achradinam

123 2263 169 2296 et
201 2257 438 2308 Ortygiam
474 2256 688 2303 insulam,
709 2269 822 2307 quae,
857 2256 1094 2295 altissimis
1131 2255 1274 2294 muris
1311 2266 1337 2292 a
1371 2253 1548 2303 reliqua
1579 2252 1688 2290 urbe
1719 2251 1973 2302 disjunctae,

124 2326 282 2365 eodem
313 2325 466 2364 labore
489 2324 801 2376 expugnandae
824 2329 966 2371 erant,
992 2336 1043 2363 ac
1065 2324 1101 2362 si
1122 2324 1309 2374 integrae
1330 2334 1412 2372 per
1433 2333 1480 2361 se
1502 2319 1673 2359 urbes¹⁹
1699 2322 1862 2358 essent.

181 2394 426 2433 MiserEbat
457 2393 728 2432 Marcellum
760 2393 900 2441 urbis,
930 2391 1056 2443 (lu-01²⁰
1095 2391 1223 2430 nulla
1258 2391 1350 2429 illis
1386 2389 1669 2440 temporibus
1704 2400 1851 2437 neque
1882 2386 1980 2437 pul-

127 2461 276 2501 chrior
305 2474 452 2513 neque
475 2462 635 2500 clarior
665 2461 711 2500 in
741 2463 848 2499 orbe
871 2465 1094 2499 terrarum
1126 2465 1232 2499 erat.
1297 2459 1487 2497 Condita
1518 2461 1614 2496 erat
1645 2456 1702 2494 ab
1732 2454 1979 2493 Corinthiis

127 2530 285 2569 eodem
323 2531 467 2569 ferme
503 2536 706 2580 tempore
741 2541 832 2579 quo
868 2528 1022 2568 Roma.
1093 2528 1301 2567 Totidem
1339 2528 1435 2566 fere
1471 2526 1592 2565 bella
1632 2528 1834 2576 gesserat
1870 2526 1979 2572 quot

129 2598 285 2645 Roma,
320 2597 496 2648 eaque‘·’1
534 2597 657 2636 haud
694 2598 844 2635 minus
881 2597 1030 2643 clara3
1074 2595 1536 2647 magnificentissimis
1572 2594 1682 2632 artis
1718 2593 1979 2643 ingeniique

171 2715 182 2735 ¹
198 2713 387 2754 Spectator
403 2713 495 2746 caeli
512 2714 761 2752 siderumque.
781 2716 1030 2744 astronomer.
1046 2731 1086 2735 -
1100 2712 1115 2733 2
1131 2711 1239 2744 Ieario
1256 2712 1429 2744 melmae.
1449 2714 1591 2749 system
1609 2708 1650 2740 os
1663 2711 1810 2739 nature.
1830 2705 1980 2737 natural

127 2754 233 2787 lawe.
252 2774 287 2778 -—
300 2756 314 2777 ³
338 2755 503 2795 Physica,
523 2755 564 2786 G.
585 2757 708 2792 ῡνυηι,
727 2754 895 2794 physica}
923 2753 1136 2786 50101100-
1149 2754 1162 2775 ⁴
1182 2753 1270 2784 Was
1288 2754 1351 2784 the
1375 2752 1455 2783 first
1474 2751 1569 2782 who.
1586 2750 1650 2773 —⁶
1668 2750 1724 2780 To
1741 2749 1925 2780 discover.
1940 2765 1980 2770 -—

129 2796 144 2817 ⁸
165 2796 430 2829 Jlatlzematica
453 2797 485 2828 et
505 2797 661 2836 physica
686 2796 796 2828 rasio.
816 2794 1099 2827 mathematical
1123 2795 1195 2826 aud
1221 2793 1389 2833 physic-sal
1418 2791 1600 2826 lawa-st
1620 2791 1674 2823 To
1692 2789 1923 2822 mechanica.
1943 2806 1980 2811 —

129 2837 144 2858 8
161 2838 417 2870 Instrumcnts
435 2839 479 2869 of
493 2838 608 2872 510110.
623 2857 660 2860 -—
673 2838 688 2857 ¹³
706 2837 890 2870 Ludibrio
909 2845 1024 2876 paene
1041 2838 1159 2869 erant.
1179 2835 1297 2867 ended
1323 2835 1460 2866 almost
1477 2834 1514 2865 in
1534 2833 1702 2864 ridicule.
1719 2850 1757 2854 —
1772 2831 1803 2852 1⁰
1822 2831 1935 2862 From
1959 2837 1981 2861 a

131 2879 233 2919 siege
265 2880 313 2919 by
331 2880 486 2911 assault.
501 2898 539 2902 —
554 2880 583 2900 11
603 2879 656 2918 By
690 2879 883 2917 investing
914 2878 955 2910 it.
971 2897 1008 2900 -
1028 2878 1059 2898 ¹2
1080 2877 1221 2909 Parnm
1249 2876 1435 2917 proras-su,
1470 2875 1542 2907 had
1567 2874 1694 2906 failed.
1710 2892 1747 2896 —
1761 2873 1793 2894 ¹³
1814 2872 1980 2903 Ladders

129 2922 171 2952 os
206 2922 399 2953 moderate
432 2921 573 2960 height.
589 2939 628 2943 -
645 2920 676 2942 ¹⁴
696 2920 914 2952 Climbable.
931 2937 971 2943 —-
986 2919 1018 2940 ¹⁵
1035 2919 1126 2950 was
1161 2919 1274 2952 bein:
1304 2916 1526 2950 celebrated.
1542 2934 1583 2939 -—
1599 2915 1630 2936 ¹⁶
1649 2914 1799 2954 Ilaving
1832 2913 1980 2944 broken

129 2971 241 3002 open.
257 2981 295 2985 —
312 2963 341 2984 1⁷
359 2962 543 2998 Weighed
562 2962 684 3000 down,
700 2961 915 3002 oppressvd.
931 2980 973 2984 —
988 2962 1020 2982 ¹⁸
1039 2962 1187 2992 50111101·
1205 2960 1257 2997 (in
1277 2960 1410 2999 ssight).
1426 2977 1466 2982 —
1481 2959 1513 2979 1⁹
1535 2958 1661 2988 1⁴3ntire
1676 2956 1787 2987 citios
1805 2955 1841 2986 in
1861 2955 1981 2986 them·

130 3003 265 3037 selves.
281 3003 367 3027 —20
390 3003 469 3046 Qud
494 3004 598 3036 nulla
623 3012 736 3043 neque
757 3003 955 3044 pulchrior
979 3010 1093 3042 neque
1115 3002 1256 3034 clarior
1277 3002 1369 3033 erut.
1396 3000 1484 3031 than
1504 2999 1627 3030 which
1654 2997 1758 3030 there
1783 3005 1859 3028 was
1882 3003 1981 3027 none

130 3045 381 3120 eitgilc2rArxilitprti=²
391 3044 574 3078 beautiful
591 3053 632 3078 or
648 3053 755 3078 more
771 3043 979 3078 renowned
1004 3044 1041 3082 (ἑ.
1060 3052 1088 3076 e.
1109 3044 1174 3076 the
1197 3047 1299 3075 most
1322 3041 1511 3074 beautiful
1527 3040 1601 3073 and
1617 3038 1823 3072 renowned
1845 3038 1885 3070 of
1900 3037 1978 3078 all).

130 3103 172 3112 -
339 3091 352 3119 t
385 3096 462 3120 ose.
