2200 3519
250 245 354 298 138
708 258 870 297 LIBER
904 257 965 310 11,
1003 253 1041 295 6.
1075 252 1114 295 ’7.
1197 243 1267 307 [A.
1306 256 1359 295 u.
1397 243 1623 310 324-363.]

253 402 370 440 sunt.
407 398 646 437 Exercitus
664 396 825 436 deinde
842 397 888 435 in
902 396 1006 436 finis
1019 395 1104 448 Vej
1112 398 1285 436 entium
1300 396 1535 443 deductus,
1549 396 1628 446 qui
1642 395 1938 435 Fidenatibus
1953 397 2092 447 copiis

253 468 346 508 suis
369 467 683 506 subvenerant.
730 465 844 503 Cum
860 464 1146 516 Vejentibus,
1166 466 1334 516 populo
1355 468 1497 505 totius
1520 464 1712 502 Etruriae
1735 464 2092 514 opulentissimo,

250 534 425 574 bellum
442 535 710 573 diuturnum
728 538 771 571 et
786 540 1024 572 cruentum
1047 538 1226 584 gestum
1246 538 1325 573 est.
1363 533 1578 579 Tandem,
1600 545 1716 570 anno
1734 531 1858 572 urbis
1881 535 2095 571 trecente-

252 606 366 645 simo
387 603 762 654 quinquagesimo
779 604 985 651 septimo,
1006 601 1125 653 Veji,
1146 603 1225 652 qui
1242 615 1324 652 per
1340 601 1493 640 decem
1510 613 1651 640 annos
1671 602 1905 640 continuos
1922 601 2094 641 obsessi

252 676 393 718 erant,
411 684 437 709 a
454 671 671 709 dictatore
688 669 745 709 M.
765 669 903 708 Furio
917 670 1108 708 Camillo
1123 670 1375 721 expugnati
1391 673 1509 709 sunt.
1545 669 1746 708 Dictator
1762 669 1988 708 militibus
2001 681 2095 719 per-

251 741 376 779 misit
397 743 448 778 ut
470 739 628 777 urbem
650 739 910 788 diriperent.
970 737 1130 777 Incolae
1152 739 1317 788 partim
1340 739 1453 784 caesi,
1474 739 1640 788 partim
1660 738 1707 776 in
1730 741 1996 777 serviti-item
2019 749 2091 776 ve-

250 808 470 848 numdati.
507 806 698 845 Camillo
718 818 744 844 a
765 810 926 846 senatu
942 805 1206 856 triumphus
1223 806 1430 845 decretus
1448 810 1526 845 est.
1574 805 1746 844 Deinde
1763 805 1964 853 Faliscis,
1985 818 2094 856 opu-

251 878 384 916 lentae
398 876 573 916 civitati
588 874 889 924 Etruscae,qui
901 873 984 925 Vej
993 874 1173 913 entibus
1185 875 1231 912 in
1243 874 1362 913 bello
1376 875 1582 924 proximo
1598 874 2095 921 subvenerant‚bellum

250 947 432 985 ill-<itum
465 949 544 984 est.
608 943 758 990 Quum
790 943 968 990 Falerii,
995 942 1278 982 Faliscorum
1311 943 1434 989 urbs,
1454 955 1480 980 a
1503 942 1693 981 Camillo
1713 942 2007 990 obsideretur,
2026 942 2094 981 lu-

251 1011 515 1061 dimagister
545 1008 730 1060 quidam
767 1008 882 1047 filios
915 1008 1174 1058 principum
1208 1007 1503 1054 Faliscorum,
1529 1009 1609 1057 qui
1631 1008 1672 1046 ei
1693 1007 1750 1045 ad
1779 1006 2093 1046 erudiendum¹

249 1079 407 1117 traditi
428 1081 570 1124 erant,
597 1089 677 1127 per
697 1076 852 1115 dolum
872 1077 920 1114 in
942 1079 1088 1115 castra
1111 1075 1290 1114 Camilli
1311 1075 1540 1125 perduxit,
1576 1075 1785 1125 dixitque
1814 1075 2091 1125 imperatori,

250 1159 297 1187 se
318 1146 515 1185 Falerios
537 1145 584 1183 in
605 1144 913 1183 Romanorum
930 1148 1203 1194 potestatem
1224 1144 1480 1190 tradidisse,
1497 1156 1639 1193 quum
1655 1156 1820 1194 pueros
1835 1144 2095 1194 principum

251 1215 440 1254 Camillo
456 1215 503 1252 in
519 1225 681 1252 manus
699 1213 956 1251 dedidisset.
993 1212 1052 1250 At
1066 1211 1299 1259 Camillus,
1321 1211 1404 1252 “N
1400 1223 1456 1251 on
1469 1212 1528 1251 ad
1543 1211 1855 1262 imperatorem
1867 1212 1906 1259 '’,
1926 1212 2091 1263 inquit,

253 1287 281 1303 ‘⁴
301 1295 378 1323 mc
398 1283 457 1322 ad
475 1282 691 1333 populum
713 1281 781 1320 tm·
800 1280 990 1320 similem
1010 1280 1180 1320 venisti.
1242 1279 1337 1321 Nos
1353 1279 1459 1319 bella
1479 1279 1657 1327 virtzite,
1678 1291 1770 1319 non
1789 1279 1969 1320 scelestis
1978 1280 2096 1331 faci-

249 1351 429 1392 noribus
464 1362 611 1401 [serere
646 1349 992 1389 consuevimuss’
1052 1347 1229 1387 Deinde
1264 1348 1636 1399 ludimagistrum
1676 1348 1973 1394 denudatum,
1992 1361 2095 1388 cum

249 1420 459 1459 manibus
492 1423 593 1469 post
627 1422 808 1469 tergum
842 1415 1066 1468 illigatis&
1100 1417 1256 1467 pueris
1290 1416 1479 1454 tradidit
1515 1416 1716 1455 Falerios
1748 1415 2088 1464 reducendum³¹

249 1491 492 1541 virgasque
507 1489 570 1527 eis
592 1487 715 1525 dedit
737 1486 903 1537 quibus
920 1485 1197 1536 proditorem
1215 1485 1519 1524 verberarent.
1565 1484 1743 1532 Falisci,
1763 1488 1890 1523 tanta
1905 1485 2094 1535 impera-

249 1559 360 1597 toris
381 1557 563 1608 justitia
598 1555 845 1600 commoffl,
865 1554 1037 1605 gratias
1067 1553 1258 1592 Camillo
1288 1556 1493 1604 egerunt,
1520 1556 1563 1591 et
1594 1552 1696 1604 ejus
1727 1553 1954 1602 permissu
1971 1551 1986 1572 ⁵
2010 1557 2094 1592 sta·

249 1627 332 1665 tim
368 1626 542 1676 legatos
578 1624 633 1662 de
668 1635 778 1673 pace
815 1622 1004 1660 Romam
1040 1621 1274 1660 miserunt.
1338 1619 1454 1660 Pace
1494 1620 1599 1659 data
1638 1621 1866 1659 exercitus
1905 1620 2094 1659 Romam

250 1695 463 1733 reductus
484 1696 563 1731 est.
629 1691 848 1729 Camillus
870 1690 1066 1735 interim,
1085 1689 1192 1739 quia
1213 1701 1238 1726 a
1255 1688 1555 1727 Patriciorum
1575 1689 1780 1738 partibus
1804 1700 1983 1738 semper
2007 1692 2094 1728 ste-

249 1760 400 1809 terat⁶,
427 1766 471 1800 et
505 1760 665 1800 multis
695 1759 889 1810 legibus,
915 1758 1038 1809 plebi
1070 1757 1274 1804 utilibus,
1315 1761 1497 1797 strenue
1527 1758 1768 1807 restiterat,
1793 1757 1840 1794 in
1875 1756 2093 1796 invidiam

250 1830 543 1881 Plebejorum
574 1828 746 1866 incidit.
807 1826 957 1873 Quum
992 1826 1032 1864 ei
1065 1838 1091 1863 a
1123 1826 1319 1864 tribunis
1355 1825 1501 1875 plebis
1532 1825 1626 1863 dies
1653 1825 1772 1864 dicta
1806 1828 1939 1873 esset,
1974 1823 2095 1875 quod

250 1898 449 1950 praedam
470 1896 776 1948 Vejentzinam
798 1895 954 1944 inique
977 1894 1220 1941 divisisset,
1246 1894 1293 1931 in
1316 1893 1506 1931 exilium
1527 1893 1651 1933 abiit.

666 1984 929 2016 IMPERSONAL
945 1990 1068 2014 vmzsss
1086 1981 1220 2021 (Study
1236 1981 1274 2022 §g
1291 1981 1449 2020 186-196,
1469 1980 1543 2013 and
1561 1980 1579 2022 ξ
1595 1981 1683 2021 237).

304 2050 402 2090 VII.
439 2049 571 2088 Italia
590 2047 804 2098 Superior
819 2052 917 2085 tum
934 2059 959 2084 a
973 2046 1116 2085 Gallis
1133 2046 1426 2085 incolebatur.
1493 2045 1691 2092 Constat,
1711 2044 1794 2085 hos
1811 2045 1965 2085 Gallos
1987 2045 2089 2084 Tar·

250 2120 405 2170 quinio
426 2118 579 2156 Prisco
601 2120 821 2167 regnante
839 2128 897 2153 ex
920 2114 1068 2153 Gallia
1090 2114 1403 2164 Transalpina,
1417 2114 1512 2153 sive
1526 2113 1767 2159 Ulteriore,
1781 2113 2088 2163 emigravisse‚

250 2192 294 2226 et
316 2187 509 2237 Alpibus
532 2185 759 2235 superatis
782 2196 882 2222 eam
902 2187 1078 2233 partem
1100 2181 1242 2220 Italiae
1264 2194 1364 2232 quae
1399 2185 1466 2221 est
1488 2182 1607 2220 inter
1643 2181 1780 2231 Alpes
1812 2185 1856 2220 et
1888 2185 2087 2219 montem

251 2257 544 2305 Apenninum
567 2252 868 2302 occupavisse.
933 2250 1068 2289 Hinc⁷
1091 2250 1215 2300 regio
1236 2250 1317 2287 illa
1339 2249 1488 2288 Gallia
1510 2249 1753 2300 Cisalpina,
1775 2249 1870 2288 sive
1887 2248 2088 2298 Citerior,

249 2323 481 2362 nominata
503 2325 582 2361 est.
647 2320 768 2358 Galli
789 2320 936 2358 multa
957 2319 1078 2357 bella
1114 2331 1217 2357 cum
1247 2317 1452 2356 Etruscis
1474 2317 1681 2355 finitimis
1708 2319 1962 2367 gesserunt.
2025 2315 2091 2354 Eo

248 2395 451 2440 tempore
473 2402 561 2439 quo
582 2389 802 2427 Camillus
825 2388 870 2425 in
893 2387 1084 2426 exilium
1120 2387 1245 2435 abiit,
1271 2385 1492 2430 Clusium,
1518 2386 1626 2424 urbs
1657 2385 1863 2431 Etrusca,
1889 2396 1915 2422 a
1944 2383 2091 2424 Gallis

249 2459 552 2498 obsidebatur.
614 2456 843 2496 Incertum
865 2459 945 2501 est,
967 2453 1140 2493 utrum⁸
1161 2465 1315 2492 omnes
1337 2453 1457 2491 Galli
1479 2452 1695 2502 Cisalpini
1724 2453 1770 2490 id
1799 2452 1971 2491 bellum
1993 2464 2088 2502 ges-

250 2528 402 2573 serint,
426 2538 483 2564 an
505 2538 555 2563 ea
577 2525 813 2563 Gallorum
834 2534 939 2572 pars
961 2535 1060 2572 quae
1084 2521 1313 2560 Sennones
1331 2520 1660 2571 appellabatur.
1724 2520 1900 2559 Clusini
1916 2520 2091 2571 legatos

249 2595 437 2633 Romam
459 2594 625 2631 misere
647 2592 725 2642 qui
746 2591 971 2628 auxilium
1002 2602 1027 2627 a
1063 2593 1222 2629 senatu
1256 2587 1493 2639 peterent⁹.
1559 2587 1744 2627 Senatui
1773 2588 1945 2638 placuit
1976 2587 2092 2637 lega-

248 2667 317 2701 tos
348 2662 405 2700 ad
435 2661 588 2699 Gallos
619 2661 813 2705 mittere,
840 2659 918 2708 qui
949 2670 1023 2697 eos
1054 2661 1280 2705 rog-(irent,
1302 2669 1358 2695 ne
1391 2657 1532 2696 socios
1561 2656 1718 2706 populi
1749 2655 1941 2694 Romani
1971 2654 2091 2693 bello

248 2730 516 2784 premerent.
581 2731 728 2778 Quum
751 2730 891 2781 legati
913 2730 959 2767 in
982 2735 1127 2767 castra
1144 2728 1471 2778 pervenissent,
1493 2731 1536 2765 et
1559 2739 1660 2765 cum
1682 2726 1968 2776 principibus
1991 2724 2091 2763 Gal-

247 2802 395 2840 lorum
418 2801 796 2850 colloquerentur,
823 2797 983 2836 accidit
1007 2801 1056 2835 ut
1092 2797 1304 2846 proelium
1338 2796 1458 2834 inter
1488 2794 1699 2834 Clusinos
1721 2798 1764 2832 et
1787 2794 1940 2832 Gallos
1977 2805 2091 2832 com-

247 2871 519 2908 numeretur.
583 2867 740 2917 Legati
763 2866 955 2904 Romani
980 2868 1132 2903 contra
1152 2865 1228 2915 jus
1250 2864 1455 2915 gentium
1477 2874 1600 2900 arma
1631 2862 1832 2911 capiunt,
1857 2865 1901 2900 et
1923 2862 1968 2899 in
1991 2861 2085 2899 acie

289 2991 301 3012 ²
320 2990 383 3022 Ad
399 2990 656 3026 erudiendum,
677 2989 732 3020 sor
749 2987 962 3019 education.
982 3005 1022 3009 —
1039 2986 1054 3007 2
1072 2986 1156 3018 Post
1180 2987 1328 3024 termam
1350 2984 1518 3023 immitis,
1537 2982 1665 3015 bound
1682 2984 1721 3015 to
1737 2983 1796 3014 his
1812 2982 1922 3014 back.
1937 3000 1977 3005 -—-
1989 2981 2002 3003 ⁸
2020 2981 2089 3014 Re-

247 3033 470 3065 clarenduna,
490 3031 527 3062 iu
546 3031 656 3062 order
673 3035 711 3060 to
732 3030 818 3061 take
837 3028 913 3059 him
932 3028 1039 3059 back.
1054 3046 1094 3050 ——
1107 3029 1120 3048 ‘¹
1140 3026 1326 3063 Affectcd,
1347 3025 1522 3058 touched,
1541 3024 1688 3056 moved.
1708 3043 1748 3047 —
1765 3025 1779 3045 ⁵
1797 3024 1903 3056 With
1927 3023 1986 3053 his
2008 3031 2089 3062 pcr-

246 3073 417 3104 mission.
433 3091 473 3096 —-
488 3073 501 3093 ὅ
514 3073 548 3105 Α
564 3071 819 3104 Ραίνὶεὶῦνιιηι
831 3070 1003 3109 partibus
1018 3069 1130 3101 stare,
1147 3071 1186 3099 to
1203 3068 1246 3099 be
1261 3076 1308 3098 011
1324 3067 1387 3098 the
1403 3066 1482 3098 side
1495 3066 1536 3097 os
1548 3066 1612 3097 the
1626 3065 1848 3097 Patricians,
1862 3082 1902 3088 -—
1913 3064 1928 3085 ⁷
1942 3064 2085 3096 Hence.

247 3131 287 3136 —
306 3116 320 3135 Β
345 3114 478 3147 Uerum
501 3140 526 3147 ..
542 3140 548 3146 .
571 3122 633 3152 αη,
652 3113 823 3144 whether
845 3137 871 3143 ..
887 3137 893 3143 .
915 3119 967 3142 or.
987 3128 1026 3132 —
1043 3110 1057 3130 θ
1082 3109 1151 3151 Qui
1164 3109 1341 3149 peterent,
1361 3110 1400 3140 to
1417 3107 1485 3139 ask
1504 3107 1601 3146 (who
1619 3115 1716 3140 were
1733 3111 1772 3139 to
1789 3105 1884 3145 ask).
