2200 3519
246 261 346 312 166
791 276 953 312 LIBER
989 276 1045 324 11,
1075 272 1142 312 34.
1222 264 1293 326 [A.
1323 276 1374 314 U.
1403 262 1524 324 540.]

244 415 385 455 Graeci
415 416 721 454 monumentis
742 420 834 454 tam
856 420 1013 455 ornata
1039 420 1135 456 erat
1163 429 1298 466 quam
1321 417 1397 461 vix
1421 416 1515 455 ulla
1546 416 1654 455 urbs
1685 415 1850 456 Graeca.
1913 415 2079 454 Illacri-

243 496 390 523 masse
430 484 596 522 dicitur
644 483 902 531 Marcellus,
945 488 1120 522 tantam
1161 485 1353 535 gloriam
1400 486 1552 522 animo
1596 484 1893 535 perpe-ndens,
1939 496 2081 534 quum

244 553 472 601 ingentem
510 552 680 599 urbem,
719 552 818 601 ipsa
853 551 994 590 Roma
1028 553 1262 603 majorem,
1299 565 1355 591 ex
1389 553 1616 591 moenibus
1652 552 1906 604 subjectam
1938 552 2081 591 oculis

242 620 426 659 videret.
491 619 663 670 Itaque,
684 620 949 669 priusquam
972 620 1101 671 signa
1123 620 1423 660 Achradinam
1445 620 1677 667 moveret¹,
1697 621 1837 659 mittit
1858 620 1952 671 qui⁹
1974 620 2081 658 allo-

243 688 347 737 quio
368 686 478 726 19ιιί3
503 687 805 737 impellerent4
826 686 970 726 hostis
992 684 1318 726 ad‘dedendam
1342 689 1511 727 urbem.
1577 688 1724 735 Quum
1746 687 1830 726 hoc
1852 689 2082 739 inceptum

243 756 419 794 irritum
455 760 586 803 essct,
626 767 708 794 nec
742 756 916 805 impetu
952 756 1050 806 capi
1083 756 1390 795 Achradinam
1426 769 1558 807 posse
1589 756 1880 808 intelligeret,
1916 757 2083 795 moenia

241 824 372 862 trinis
405 824 562 863 castris
594 824 892 863 circumsedit.
957 823 1073 863 Tum
1094 837 1200 863 vero
1232 824 1515 870 Syracusani,
1546 825 1591 862 in
1624 825 1783 863 ultimo
1805 824 2078 873 discrimine,

242 898 381 931 totam
418 893 514 931 fere
552 893 750 932 Siciliam
785 893 842 931 ad
876 905 1006 944 opem
1043 893 1146 931 urbi
1177 892 1410 931 ferendam
1443 893 1712 932 concierunt.
1777 891 1923 931 Simul
1954 897 1997 931 et
2027 893 2083 931 ab

242 959 513 1012 Carthagine
548 961 702 1000 classis
737 966 916 1000 centum
951 961 1138 1011 triginta
1172 961 1375 1007 navium,
1395 960 1506 999 duce
1527 960 1790 1008 Bomilcare,
1825 961 1871 999 in
1903 964 2082 1011 portum

243 1027 438 1067 advenit.
502 1028 721 1068 Omnibus
743 1029 943 1079 undique
965 1028 1164 1067 hostium
1186 1028 1323 1078 copiis
1354 1027 1511 1066 eodem
1540 1032 1741 1078 tempore
1763 1029 1809 1066 in
1831 1028 2081 1067 Romanum

240 1096 561 1146 imperatorem
595 1098 795 1147 impetus
831 1103 898 1136 est
934 1097 1097 1136 faetus.
1161 1095 1220 1134 At
1254 1095 1499 1135 Marcellus
1538 1096 1792 1146 intrepidus
1828 1096 2082 1135 Siculorum

242 1165 575 1215 Poenorumque
615 1166 864 1204 exercitum
908 1165 1102 1216 fugavit,
1141 1168 1186 1203 et
1228 1164 1530 1216 Syracusanos
1569 1165 1616 1203 in
1655 1165 1814 1203 urbem
1863 1165 2077 1215 reppulit.

242 1231 369 1271 Hauc
390 1233 561 1272 cladem
593 1238 746 1272 secuta
777 1238 845 1272 est
875 1233 1029 1283 pestis,
1056 1233 1104 1271 in
1127 1233 1329 1282 utrisque
1352 1233 1509 1271 castris
1539 1236 1701 1272 coorta.
1764 1232 1909 1271 Multo
1931 1238 2083 1272 tamen

241 1302 415 1352 majore
445 1300 508 1339 vi⁵
541 1301 802 1351 pestilentia
834 1300 1079 1340 Poenorum
1113 1305 1259 1340 castra
1289 1301 1457 1340 invasit
1487 1312 1623 1350 quam
1659 1300 1978 1348 Romanorum,
2005 1301 2083 1352 qui

244 1369 366 1408 ςιιειΙο6
390 1369 630 1419 aquisque⁷
654 1370 906 1408 assuerant‘5
935 1369 1093 1420 magis.
1157 1368 1226 1407 Ita
1257 1369 1428 1407 factum
1451 1372 1518 1407 est
1540 1373 1590 1407 ut
1612 1368 1781 1407 milites
1803 1368 2082 1420 Carthagini-

244 1450 373 1476 enses
410 1450 512 1476 cum
548 1439 659 1488 ipsis
695 1438 887 1477 ducibus
922 1437 1196 1488 Hippocrate
1218 1441 1354 1488 atque
1384 1436 1639 1476 Himilcone
1670 1437 1726 1475 ad
1757 1450 1897 1476 unum
1928 1450 2083 1477 omnes

242 1510 454 1556 perirent.

296 1574 456 1613 Deleto
478 1574 681 1614 terrestri
702 1573 948 1613 Poenorum
970 1575 1186 1620 exercitu,
1208 1577 1251 1612 et
1274 1573 1414 1612 classe
1435 1573 1491 1611 ob
1511 1577 1684 1611 metum
1705 1573 1851 1612 morbi
1873 1585 1928 1612 ex
1949 1577 2083 1624 portu

241 1642 295 1680 ad
327 1642 506 1680 Italiam
542 1646 736 1693 egressa,
764 1641 1033 1692 Syracusani
1065 1641 1238 1692 legatos
1269 1641 1324 1680 de
1355 1641 1465 1680 urbe
1496 1641 1699 1680 dedenda
1729 1641 1785 1679 ad
1816 1641 2084 1680 Marcellum

240 1712 475 1749 illiserunt.
539 1710 688 1757 Quum
731 1710 827 1761 jam
863 1710 960 1748 fere
996 1709 1051 1748 de
1088 1709 1419 1748 conditionibus
1455 1715 1730 1757 conveniret,
1769 1710 1889 1747 intra
1925 1709 2083 1748 urbem

242 1778 401 1817 seditio
424 1782 573 1816 coorta
596 1782 676 1817 cst.
740 1777 1027 1828 Transfugae,
1048 1777 1214 1828 quibus
1237 1777 1364 1816 nulla
1385 1782 1480 1816 erat
1501 1778 1642 1816 veni-ee
1675 1790 1791 1827 spes,
1816 1778 2081 1816 mercenari-

241 1851 371 1884 Erum
402 1847 652 1885 exercitum
682 1847 729 1884 in
760 1846 954 1884 eundem
974 1851 1110 1896 atque
1132 1846 1244 1896 ipsis
1266 1850 1360 1884 erat
1381 1850 1556 1885 metum
1579 1845 1923 1897 compulerant&
1986 1846 2082 1884 Pri-

240 1927 366 1952 mum
389 1914 660 1952 obtruncant
691 1915 1001 1965 magistratus,
1028 1918 1184 1964 postea
1213 1914 1482 1953 interfecere
1504 1927 1820 1964 quemcunque
1844 1914 2081 1964 Syracusa-

240 1986 401 2020 norum
433 1982 525 2020 fors
547 1981 725 2021 obtulit.
790 1981 876 2020 Sex
899 1982 1060 2020 deinde
1081 1982 1318 2032 praefectos
1340 1988 1561 2029 creavere,
1587 1983 1665 2033 qui
1690 1983 1842 2020 urbem
1865 1982 2082 2022 adversus

241 2050 464 2089 Romanos
499 2049 555 2088 ad
590 2050 806 2088 ultimum
841 2049 1154 2089 defenderent.
1219 2050 1325 2089 Sero
1355 2062 1381 2088 a
1411 2050 1575 2101 legatis
1610 2050 1904 2089 redeuntibus
1938 2050 2081 2089 edocti

240 2123 359 2165 sunt,
381 2118 650 2157 Marcellum
672 2119 960 2157 mercenariis
984 2118 1177 2157 saliitem
1196 2117 1536 2168 spopondissem,
1558 2118 1785 2168 aliamque
1802 2130 1930 2156 suam
1947 2122 2081 2168 atque

239 2187 538 2237 perfugarum
568 2199 665 2225 esse
701 2185 936 2225 causamn.
998 2186 1256 2233 Marcellus,
1282 2186 1336 2225 de
1366 2185 1450 2225 hac
1482 2187 1701 2226 seditione
1723 2187 1883 2225 certior
1914 2187 2076 2234 factus,

240 2267 383 2292 unum
419 2267 474 2293 ex
510 2255 752 2305 praefectis,
792 2255 973 2293 nomine
1009 2253 1262 2303 Moericum,
1303 2255 1482 2306 magnis
1517 2255 1751 2305 promissis
1787 2254 1990 2301 adduxit,
2031 2260 2081 2293 ut

239 2327 372 2361 noctu
404 2322 628 2361 Romanos
650 2324 695 2361 in
718 2322 952 2375 Ortygiam
983 2323 1196 2369 insulam,
1223 2324 1293 2361 cui
1315 2323 1432 2373 parti
1456 2323 1580 2361 urbis
1610 2327 1813 2373 praeerat,
1840 2324 2074 2373 reciperet.

239 2390 334 2429 Hac
356 2403 401 2428 re
424 2391 628 2429 confecta
659 2395 752 2429 tota
783 2391 890 2429 urbs
921 2402 946 2428 a
973 2390 1188 2429 Marcello
1210 2394 1340 2441 capta
1371 2395 1415 2429 et
1446 2391 1669 2429 militibus
1692 2391 1944 2441 diripienda
1974 2391 2079 2430 data

239 2462 319 2496 est.
384 2457 580 2495 Tantum
611 2458 769 2507 praedae
800 2459 847 2496 in
878 2462 1007 2508 capta
1037 2460 1147 2497 urbe
1178 2459 1416 2497 inventum
1448 2462 1530 2505 est,
1552 2463 1773 2508 quantum
1796 2459 1872 2497 vix
1894 2459 2072 2497 Cartha-

238 2526 333 2576 gini
368 2525 543 2571 fuisset,
577 2526 613 2564 si
644 2531 742 2564 tum
777 2529 895 2564 esset
926 2530 1069 2576 capta.
1132 2525 1359 2565 Memoriae
1391 2526 1621 2576 proditum
1654 2531 1735 2574 est,
1761 2526 2077 2566 Archimedem

239 2605 319 2642 per
350 2592 472 2631 hune
504 2593 772 2639 tumultum,
807 2594 1033 2631 intentum
1068 2593 1229 2632 formis
1259 2592 1591 2644 geometricism,
1625 2606 1736 2644 quas
1771 2595 1817 2632 in
1850 2592 2076 2645 pulvere¹³

239 2661 551 2710 descripserat,
581 2673 605 2698 a
640 2661 785 2699 milite
823 2661 1036 2706 Rom-ano,
1066 2661 1222 2711 ignaro
1253 2662 1355 2711 quis
1391 2666 1523 2709 esset,
1557 2662 1860 2701 interfectum.
1928 2661 2080 2702 “Noli

240 2729 417 2767 turbare
439 2729 623 2768 circulos
643 2740 756 2768 ‘meos
774 2729 812 2776 '’,
834 2729 982 2779 inquit
1003 2728 1156 2775 militi,
1178 2729 1385 2767 strictum
1415 2730 1511 2781 jam
1540 2729 1746 2781 gladium
1777 2742 1914 2780 supra
1937 2734 2070 2780 caput

239 2796 427 2835 tollenti.

282 2891 292 2910 ¹
307 2890 354 2921 M:
358 2891 416 2921 uh
431 2899 476 2920 ἰιι
495 2891 624 2922 attack
642 2900 689 2922 on
704 2891 931 2922 Achradina
946 2909 984 2912 —
1005 2890 1092 2922 “He
1107 2896 1189 2922 sint
1206 2900 1345 2930 emoys
1362 2900 1393 2921 ιι
1398 2891 1459 2922 ho
1473 2909 1515 2913 -
1528 2891 1542 2911 ³
1556 2891 1609 2930 By
1622 2890 1713 2922 kind
1733 2900 1837 2930 lepre
1843 2891 2074 2930 sentati01133

240 2931 288 2970 by
305 2941 349 2961 ιιιι
371 2940 510 2963 tuconi
514 2941 557 2964 1
550 2933 628 2972 ing
645 2932 812 2964 :unire-s
825 2933 890 2954 ——4
909 2932 1003 2971 Disp
1009 2940 1083 2963 ose
1098 2932 1165 2954 -5
1183 2932 1300 2967 Malia
1286 2932 1397 2971 uity
1412 2932 1664 2964 —⁶Climatt.
1676 2932 1741 2954 —⁷
1762 2932 1840 2963 ‘lhe
1860 2933 1954 2973 sing.
1974 2941 2074 2972 aqna

239 2972 283 3003 εἰ.
278 2980 399 3003 nous
417 2983 446 3002 ιι·
451 2980 531 3004 ι··ιιιι
548 2983 587 3003 :ns
606 2983 626 3005 ιι
645 2982 744 3004 meri
763 2974 961 3013 quantum
987 2974 1050 3004 the
1068 2974 1150 3012 plur
1154 2973 1187 3004 al
1205 2959 1373 3004 domines
1379 2973 1442 3004 the
1459 2982 1491 3003 33·
1494 2978 1572 3004 ater
1588 2973 1628 3004 of
1650 2981 1670 3003 a
1687 2973 1890 3013 particular
1907 2974 2071 3011 locallry.

239 3014 303 3035 ——8
324 3014 405 3045 llud
425 3015 579 3045 become
603 3015 857 3046 mcusnuned.
872 3015 940 3037 ——9
959 3014 1039 3045 Had
1069 3015 1199 3045 driven
1230 3015 1293 3046 ῑίιι·
1322 3023 1425 3053 ιιιιιιι
1451 3015 1532 3045 into
1558 3015 1620 3045 the
1648 3023 1750 3045 same
1775 3014 1811 3045 se
1813 3024 1854 3046 ιιι
1877 3015 1917 3050 (ἱ.
1936 3023 1963 3046 e.
1989 3014 2072 3046 uad

240 3054 340 3086 tilhd
369 3057 432 3086 tm
438 3065 471 3086 m
490 3056 580 3087 33ith
609 3055 671 3086 the
697 3064 799 3086 same
826 3057 926 3091 (ειη.)
941 3056 1024 3078 —10
1043 3056 1125 3087 Had
1150 3055 1383 3095 gum-intecti
1403 3047 1466 3087 {he
1483 3055 1576 3086 lives
1603 3055 1644 3086 of
1666 3055 1729 3087 the
1753 3056 2017 3087 nwrcenaries.
2032 3073 2070 3078 —

242 3097 274 3157 a
292 3097 506 3128 Condition.
522 3097 605 3120 —12
624 3096 668 3128 33·
674 3096 747 3128 hile
776 3096 834 3129 his
861 3096 983 3129 whole
1014 3096 1208 3128 attention
1232 3105 1308 3128 33as
1337 3105 1455 3138 enga0
1445 3096 1504 3128 ed
1531 3096 1570 3128 in
1597 3096 1840 3137 geometrical
1866 3097 2016 3137 figures.
2033 3113 2070 3119 --

294 3138 404 3170 Sand
