2200 3519
227 209 324 262 152
654 220 818 258 LIBER
854 220 915 268 II,
957 214 1104 255 2021.
1199 205 1266 270 [A.
1307 220 1357 256 U.
1386 208 1622 270 471-474.]

216 365 379 404 tesimo
396 365 731 415 septuagesimo
746 364 894 414 primo
910 375 1000 414 pax
1023 363 1107 402 sub
1123 363 1262 413 aequis
1280 363 1612 403 conditionibus
1633 363 1738 402 data
1759 367 1839 404 est.
1894 364 2064 405 Eodem

216 445 334 471 anno
354 432 401 480 Q.
424 432 658 471 Fabricius
682 432 838 471 consul
868 432 1073 471 Lucanos
1104 436 1148 469 et
1178 431 1394 480 Bruttios,
1421 431 1562 471 Italiae
1592 432 1822 472 inferioris
1853 433 2061 482 populos,

217 501 413 552 subegit,
441 513 541 539 cum
573 501 731 539 multis
762 500 936 552 Magnae
958 500 1136 538 Graeciae
1159 500 1420 539 civitatibus
1443 500 1616 538 foedera
1648 500 1770 547 fecit,
1796 501 2064 551 oppidisque

217 573 374 607 eorum
395 568 599 607 Romana
620 568 828 619 praesidia
848 568 1079 619 imposuit.

364 656 538 688 OBJECTS
561 664 611 689 or·
635 657 778 689 CAUSE.
825 656 1129 689 CoonnmA'rmN
1154 655 1289 696 (Stndy
1306 656 1323 697 ἓ
1340 656 1467 688 294-R.
1489 657 1561 695 159,
1587 656 1661 688 and
1679 656 1717 697 ἐξ
1733 658 1905 698 366-373).

271 713 390 753 XXI.
427 713 601 752 Eodem
634 714 731 753 fere
762 717 967 764 tempore
997 713 1171 752 bellum
1202 726 1304 751 cum
1337 713 1545 760 Tarento,
1571 713 1857 753 nobilissima
1885 714 2063 766 Magnae

217 781 396 820 Graeciae
427 782 624 828 civitate,
651 794 876 830 exorsum,
907 785 1145 831 propterea
1180 781 1300 831 quod
1336 781 1466 831 plebs
1503 781 1750 820 Tarentina
1784 787 1947 821 nautas
1984 782 2065 821 Ro-

215 856 386 901 manos,
420 851 536 889 forte
568 863 670 889 cum
706 850 900 888 navibus
938 850 994 888 ad
1031 850 1162 889 littus
1197 850 1428 900 appulsos,
1465 850 1779 897 insultaverat,
1815 851 2062 901 pluresque

217 923 374 957 eorum
396 922 649 958 necaverat.
713 917 867 970 Hujus
888 918 1067 969 injuriae
1090 921 1225 956 causa
1255 922 1440 957 senatus
1470 918 1647 969 legatos
1670 918 1917 958 Tarentum
1939 920 2064 958 misit

215 988 296 1037 qui
316 992 525 1027 auctores
548 988 651 1039 ejus
673 987 855 1027 sceleris
885 986 1112 1025 dedendos
1133 985 1453 1036 deposcerent1.
1517 985 1614 1026 Hac
1634 999 1812 1037 quoque
1834 987 2063 1039 legatione

217 1055 337 1093 foede
373 1055 555 1099 violata,
596 1055 766 1093 bellum
812 1055 1070 1093 Tarentinis
1105 1054 1327 1093 indictum
1364 1058 1445 1094 est.
1504 1054 1562 1092 Hi
1603 1055 1776 1093 interea
1815 1054 2057 1106 Pyrrhum,

215 1122 343 1173 Epiri
365 1136 532 1174 regem,
554 1127 792 1161 oraverant
814 1126 864 1161 ut
895 1123 979 1162 sibi
1012 1123 1184 1160 auxilio
1206 1126 1394 1162 veniret.
1459 1122 1677 1174 Pyrrhus,
1704 1126 1748 1162 et
1770 1123 1910 1161 animi
1939 1135 2062 1175 mag-

216 1191 437 1238 nitudine,
473 1195 516 1229 et
547 1191 721 1230 artibus
753 1190 946 1230 bellicis⁹
978 1192 1181 1230 omnium
1216 1191 1343 1230 illius
1376 1193 1524 1230 aetatis
1564 1192 1892 1241 imperatorum
1926 1191 2062 1231 facile

216 1261 441 1310 princeps,
470 1272 560 1298 non
590 1260 819 1299 recusavit
848 1272 981 1310 opem
1011 1272 1037 1298 a
1067 1272 1113 1299 se
1143 1264 1395 1309 quaesitam,
1421 1263 1465 1297 et
1495 1263 1764 1298 veteranum
1794 1260 2058 1307 exercitum,

216 1328 395 1366 vincere
412 1332 657 1375 assuetum,
678 1328 873 1366 navibus
896 1328 1145 1366 Tarentum
1163 1327 1358 1367 devexit.
1422 1327 1558 1379 Regis
1576 1328 1801 1367 exercitus
1824 1339 1878 1366 ex
1896 1328 2060 1379 viginti

215 1396 420 1435 millibus
437 1396 637 1434 militum
657 1396 809 1447 gravis
826 1400 1078 1442 armaturae,
1100 1396 1213 1434 levis
1230 1399 1382 1434 autem
1400 1399 1638 1434 armaturae
1656 1395 1835 1435 duobus
1856 1396 2061 1435 millibus

215 1465 494 1515 quingentis,
515 1469 559 1502 et
590 1465 734 1503 tribus
765 1464 970 1503 millibus
1002 1465 1209 1514 equitum
1232 1476 1333 1503 cum
1355 1464 1516 1515 viginti
1549 1463 1817 1514 elephantis,
1845 1465 2056 1504 constitit.

215 1532 334 1571 Huic
356 1533 588 1578 exercitui,
611 1544 689 1582 per
720 1532 892 1570 auxilia
923 1533 1145 1571 sociorum
1176 1544 1450 1583 magnopere
1472 1537 1616 1578 aucto,
1642 1532 1690 1571 P.
1718 1531 1930 1571 Laevinus
1962 1544 2062 1570 con-

216 1601 288 1641 sul
310 1601 366 1639 ad
387 1600 655 1639 Heracleam
676 1600 883 1638 occurrit.
946 1600 1165 1638 Proelium
1189 1601 1390 1638 terribile
1412 1604 1632 1647 sect-itum,
1654 1600 1699 1638 in
1721 1604 1812 1650 qua
1834 1601 2061 1650 utrimque

214 1668 469 1708 incredibili
491 1668 659 1706 ferocia
680 1672 938 1718 pugnatum
957 1672 1035 1706 est.
1097 1667 1123 1706 J
1129 1680 1200 1706 am
1224 1667 1421 1718 Epirotae
1442 1667 1603 1718 pedem
1627 1668 1898 1717 referebant,
1915 1680 2059 1718 quum

216 1736 449 1787 elephanti
470 1736 517 1774 in
539 1737 787 1774 exercitum
820 1735 1075 1775 Romanum
1108 1736 1301 1775 immissi
1331 1740 1449 1775 sunt.
1513 1735 1778 1775 Bellustrum
1808 1737 2056 1787 incognita-

216 1817 319 1844 rum
349 1805 634 1843 immanitate
665 1804 771 1854 equi
802 1804 1089 1851 consternati,
1115 1804 1262 1853 primo
1292 1804 1564 1854 equitatum,
1591 1803 1754 1842 deinde
1775 1803 1981 1854 legiones
2011 1804 2059 1842 in

216 1873 376 1924 fugam
397 1876 647 1911 traxerunt.
713 1870 893 1922 Septem
924 1872 1068 1909 millia
1098 1871 1404 1910 Romanorum
1428 1884 1551 1911 caesa.
1615 1871 1685 1909 Ex
1715 1872 1834 1922 regis
1856 1872 2059 1910 exercitu

216 1945 410 1991 quatuor
437 1939 587 1978 millia
608 1939 879 1978 ceciderunt.
943 1939 1128 1978 Postero
1159 1940 1230 1978 die
1263 1939 1482 1990 Pyrrhus,
1508 1952 1651 1990 quum
1685 1951 1869 1989 corpora
1901 1938 2059 1977 Roma-

215 2013 378 2047 norum
415 2007 543 2046 humi
583 2007 779 2058 jacentia
814 2007 1070 2057 inspiceret,
1106 2008 1310 2046 omnium
1340 2007 1532 2046 vulnera
1566 2007 1612 2045 in
1647 2011 1827 2057 pectore
1862 2007 2051 2047 invonit.

220 2079 248 2095 “
267 2075 408 2127 Quam
428 2075 565 2126 facile
587 2075 730 2121 esset‚’'
760 2075 924 2125 inquit,
949 2075 1131 2114 “orbem
1162 2079 1391 2115 terrarum
1421 2075 1628 2126 subiyere,
1654 2078 1733 2114 aut
1761 2074 1886 2121 milti,
1914 2074 1953 2114 si
1973 2074 2058 2114 Ro-

215 2147 368 2183 meinos
387 2144 544 2183 milites
564 2143 778 2190 haberem,
804 2146 886 2182 aut
905 2155 972 2182 me
993 2142 1106 2193 reye³
1132 2141 1380 2184 Romanis!
1396 2143 1419 2159 '’

272 2211 474 2263 Pyrrhus
495 2216 594 2262 post
616 2211 733 2249 hanc
752 2211 986 2249 victoriam
1017 2223 1172 2261 pacem
1195 2223 1296 2250 cum
1328 2211 1542 2250 Romanis
1572 2211 1685 2249 inire
1709 2210 1933 2260 cupiebat,
1960 2210 2055 2249 sive

215 2280 350 2331 quod⁴²
378 2293 482 2318 eum
503 2279 852 2318 Tarentinorum
883 2280 1109 2318 societatis
1139 2278 1365 2324 taedobatf',
1390 2279 1484 2317 sive
1506 2291 1558 2317 eo
1583 2284 1631 2317 ut
1651 2279 1697 2316 in
1722 2277 1875 2317 Sicilia
1904 2278 2056 2316 adver-

216 2361 292 2388 sus
328 2347 725 2398 Carthaginienses
763 2347 936 2385 bellare
971 2350 1133 2396 posset.
1194 2346 1351 2396 Itaque
1387 2346 1663 2397 legationem
1700 2344 1890 2384 Romam
1929 2346 2054 2384 misit

214 2419 391 2454 oratum
424 2419 474 2453 ut
506 2415 602 2465 regi
637 2415 723 2464 ipsi
761 2414 817 2452 ad
846 2426 1003 2464 pacem
1037 2413 1282 2452 ineundam
1316 2414 1362 2452 in
1394 2413 1553 2451 urbem
1587 2416 1740 2451 venire
1773 2412 1941 2452 liceret.
2002 2412 2055 2451 In

215 2483 331 2521 hanc
370 2483 644 2533 legationem
685 2482 884 2533 elegerat
920 2482 1119 2528 Cineam,
1153 2487 1351 2520 amicum
1392 2485 1435 2519 et
1469 2481 1725 2531 adjutorem
1762 2481 2053 2519 consiliorum

218 2548 433 2589 suorumfi.
497 2549 580 2588 Cui
609 2562 751 2599 quum
781 2554 967 2588 senatus
988 2549 1121 2588 datus
1145 2549 1296 2595 esset⁷,
1317 2548 1495 2599 Appius
1517 2548 1749 2594 Claudius,
1770 2548 1849 2598 qui
1870 2551 2054 2598 propter

216 2619 463 2657 caecitatem
493 2619 587 2669 jam
618 2617 694 2655 diu
726 2617 920 2667 publicis
944 2617 1146 2656 consiliis
1168 2629 1215 2656 se
1235 2614 1547 2663 abstinueratss,
1567 2617 1693 2654 venit
1723 2617 1769 2654 in
1801 2617 1985 2662 curiam,
2009 2619 2052 2654 et

216 2690 298 2726 sua
319 2687 585 2724 auctoritate
608 2685 759 2724 effecit
790 2690 838 2723 ut
869 2685 916 2723 id
945 2685 1120 2735 Pyrrho
1151 2688 1408 2735 negaretur.
1473 2684 1757 2734 Responsum
1791 2689 1858 2722 est
1892 2684 2047 2734 igitur,

215 2758 314 2792 tum
336 2754 518 2792 demum
541 2766 642 2792 cum
665 2752 840 2803 Pyrrho
863 2753 916 2791 de
938 2765 1046 2803 pace
1070 2752 1161 2803 agi⁹
1195 2765 1340 2802 posse,
1363 2752 1399 2790 si
1429 2752 1468 2790 is
1491 2764 1591 2790 cum
1614 2752 1814 2790 exercitu
1841 2764 1895 2790 ex
1918 2751 2052 2790 Italia

258 2876 270 2896 1
290 2875 387 2907 Who
405 2874 538 2907 should
554 2875 714 2907 demand
733 2875 796 2906 the
814 2874 1043 2907 extradition
1068 2876 1110 2906 os
1129 2874 1192 2905 the
1211 2874 1367 2906 authors
1384 2876 1453 2905 etc.
1502 2873 1570 2905 See
1588 2874 1605 2914 ξ
1622 2875 1693 2906 318.
1709 2874 1774 2896 —2
1794 2874 1833 2905 [n
1853 2874 1916 2906 the
1933 2876 1989 2904 art
2007 2875 2043 2905 01

215 2925 299 2948 war.
314 2935 355 2939 --
369 2916 382 2936 ³
400 2917 450 2948 Or
474 2917 532 2947 sor
556 2917 620 2947 the
644 2917 810 2948 Romans
835 2915 864 2946 is
888 2916 903 2947 I
923 2925 1019 2947 were
1044 2915 1142 2947 their
1165 2916 1267 2956 king.
1316 2915 1385 2947 See
1402 2915 1420 2954 ἓ
1439 2916 1497 2947 184
1514 2915 1592 2945 foll.
1608 2915 1672 2938 —4
1692 2915 1870 2948 Because.
1885 2915 1952 2937 -5
1972 2916 2040 2946 See

216 2958 320 2996 §25:3.
334 2975 372 2979 —
385 2958 399 2978 6
418 2957 497 2988 The
513 2957 700 2988 assistant
718 2958 758 2988 ot'
780 2958 837 2988 his
854 2957 1034 2994 couneus,
1054 2957 1078 2988 z'.
1097 2965 1124 2988 e.
1144 2957 1204 2988 his
1229 2955 1468 2988 confidential
1487 2955 1648 2987 adviser.
1667 2974 1707 2978 —
1724 2956 1737 2976 ⁷
1757 2956 1877 2987 When
1903 2955 1949 2987 he
1973 2956 2046 2987 had

216 2998 308 3029 been
329 2998 515 3030 admitted
534 3003 571 3028 to
588 2998 651 3029 the
669 2998 817 3030 Senate.
870 2997 1060 3037 [Senatum
1077 2997 1190 3029 alicui
1208 2999 1311 3035 dare,
1333 2996 1493 3036 literally
1512 2998 1535 3012 ⁶⁸
1551 3001 1588 3028 to
1606 2997 1690 3032 give
1707 2999 1745 3028 to
1763 2997 1968 3036 somebody
1986 2997 2050 3028 the

217 3039 354 3070 Somne
369 3039 405 3077 ”,
430 3040 463 3070 is
489 3039 716 3078 technically
733 3039 824 3071 used
842 3039 881 3070 in
900 3040 961 3070 the
978 3038 1336 3069 above-mentioned
1355 3038 1493 3078 sense]
1513 3056 1553 3060 —
1570 3038 1584 3059 Β
1601 3037 1685 3070 Had
1708 3038 1928 3070 withdrawn
1951 3038 2049 3069 from

216 3080 345 3119 public
361 3080 439 3111 life.
455 3080 519 3102 -9
537 3080 589 3112 De
599 3088 690 3120 pace
706 3088 823 3120 (mere,
843 3084 883 3112 to
901 3088 1116 3112 commencc
1135 3079 1388 3112 transactionis
1405 3078 1461 3111 for
1476 3087 1603 3119 peace.
