2200 3519
264 244 364 295 162
769 258 933 295 LIBER
958 258 1016 306 Π,
1047 255 1110 296 30.
1129 252 1196 296 31.
1278 248 1347 309 [A.
1377 260 1428 297 U.
1460 247 1582 309 538]

263 397 582 449 septemdecim
605 397 760 447 scripti
782 403 900 437 sunt.
965 397 1165 444 Quatuor
1187 411 1242 436 ex
1276 398 1348 437 his
1384 399 1586 451 legiones
1617 400 1815 447 effeetae1,
1840 405 1884 439 et
1913 401 2100 441 totidem

263 467 359 505 fere
380 479 435 505 ex
458 466 588 504 sociis
610 465 803 503 nominis
825 465 987 505 Latini.
1051 466 1158 504 Octo
1179 467 1324 504 millia
1344 468 1566 518 juvenum
1590 469 1846 507 validorum
1879 482 1934 508 ex
1965 470 2101 509 servi-

261 536 338 574 tiis
355 535 514 573 armati
537 538 654 573 sunt.
714 533 895 584 Lege-itis
912 533 1191 579 Hannibalis,
1213 536 1333 585 pacis
1351 541 1484 575 causa
1501 536 1688 575 Romam
1707 537 2102 587 proficiscentibus,

262 602 440 640 lictores
462 602 640 640 obviam
661 602 785 639 missi
818 602 895 651 qui
926 600 1206 640 nuntiarent²
1236 606 1286 640 ut
1316 608 1419 642 ante
1451 608 1626 642 noctem
1647 605 1914 644 excederent
1935 605 2102 644 finibus

262 671 487 711 Romanis.
546 670 709 709 Decem
731 670 877 708 millia
900 671 1180 721 captivorum
1202 676 1387 711 senatus
1408 685 1496 710 non
1519 674 1692 712 censuit
1714 686 1810 713 esse
1833 673 2104 715 redimenda.

262 738 422 790 quum3
445 741 497 787 jd
528 740 650 778 haud
681 752 845 791 magno
874 740 1020 790 pretio
1050 739 1145 778 fieri
1176 744 1339 790 posset.
1402 739 1594 779 Varroni
1624 746 1776 780 autem
1811 741 1998 788 consuli,
2027 741 2105 791 qui

261 809 395 846 vivus
426 820 480 846 ex
511 812 667 859 pugna
703 808 899 857 fugerat,
925 808 1084 865 gratiae¹
1111 808 1167 846 ab
1201 812 1362 847 senatu
1383 815 1490 847 actae
1513 813 1632 856 sunt,
1658 809 1779 859 quod
1799 809 1853 848 de
1875 809 2106 860 republica

263 888 351 914 non
373 876 665 926 desperasset.

807 952 1028 984 TEMPORAL
1044 952 1220 984 camisas
1238 953 1269 993 (ἓ
1286 952 1347 985 394
1362 954 1402 985 to
1417 953 1460 985 R.
1479 953 1565 992 216).

318 1009 478 1049 XXXI.
511 1009 636 1056 Quod
672 1009 899 1059 reliquum
941 1010 1031 1047 fuit
1070 1009 1259 1048 aestatis4
1297 1009 1524 1047 Hannibal
1564 1010 1694 1048 novis
1729 1010 1859 1049 sociis
1892 1010 1938 1048 in
1973 1009 2106 1049 fidem

263 1076 547 1128 recipiendis⁵
590 1078 880 1127 consumpsit.
951 1076 1160 1123 Senatus,
1205 1077 1283 1136 ubi
1325 1077 1573 1128 Campanos
1609 1077 1908 1116 defectionem
1939 1076 2108 1117 moliri⁶

265 1146 454 1192 audivit,
480 1145 720 1183 Claudium
742 1145 1009 1183 Marcellum
1031 1150 1269 1195 praetorem
1291 1157 1391 1183 cum
1415 1145 1614 1183 exercitu
1637 1145 1692 1183 ad
1722 1145 1832 1184 fines
1854 1145 2107 1195 Campaniae

263 1215 399 1253 misit.
462 1213 565 1252 Jam
585 1213 738 1263 Capua
760 1217 913 1263 portas
934 1212 1177 1251 Hannibali
1198 1217 1450 1263 aperuerat,
1476 1226 1617 1263 quum
1649 1213 1890 1252 Marcellus
1926 1213 2104 1260 Nolam,

263 1282 318 1320 ad
358 1282 516 1319 urbem
554 1281 819 1331 Campaniae,
855 1281 1052 1320 advenit.
1111 1281 1281 1319 Eodem
1312 1280 1541 1319 Hannibal
1576 1293 1678 1319 cum
1710 1284 1837 1331 parte
1875 1281 2107 1331 copiarum

265 1354 450 1389 suarum
472 1350 705 1399 profectus
724 1355 803 1387 est.
855 1349 939 1395 Qui
961 1361 1101 1399 quum
1123 1349 1339 1399 oppidum
1361 1349 1406 1385 vi
1428 1354 1689 1399 oppugnare
1707 1353 1899 1398 pararet,
1925 1348 2106 1387 Marcel-

265 1419 352 1463 lus,
378 1419 615 1467 eruptione
638 1418 770 1464 facta,
796 1417 904 1455 adeo
925 1417 1084 1455 afflixit
1105 1416 1267 1455 hostis⁷
1292 1420 1341 1454 ut
1364 1416 1589 1454 Hannibal
1611 1429 1716 1467 agro
1734 1415 1907 1455 Nolano
1931 1417 2106 1455 excedet

265 1490 344 1525 ret.
409 1486 516 1524 Inde
555 1485 793 1535 Neapolim
828 1485 1041 1535 perrexit,
1076 1497 1154 1534 spe
1186 1484 1327 1535 hujus
1363 1484 1516 1534 oppidi
1548 1482 1783 1534 potiundiss.
1862 1484 2108 1535 Postquam

267 1555 504 1605 Neapolim
526 1567 551 1592 a
572 1554 782 1604 praefecto
804 1554 1004 1591 Romano
1027 1565 1128 1591 cum
1148 1553 1296 1591 valido
1318 1553 1524 1602 praesidio
1554 1553 1696 1592 teneri
1728 1553 1913 1602 accepit,
1947 1552 2110 1592 exerci-

267 1628 365 1662 tum
406 1623 655 1661 Casilinum
695 1622 828 1660 ducit.
906 1621 997 1660 Ubi
1034 1621 1118 1659 hoc
1147 1633 1324 1670 quoque
1370 1621 1586 1671 oppidum
1627 1620 1872 1659 fortissime
1921 1620 2107 1659 defendi

265 1691 508 1737 intellexit,
529 1696 654 1740 parte
677 1690 900 1728 exercitus
921 1689 975 1727 ad
997 1689 1291 1735 obsidendum
1315 1689 1482 1734 relicta,
1500 1700 1599 1726 cum
1623 1689 1795 1739 majore
1817 1692 1944 1738 parte
1966 1689 2107 1739 copia-

266 1772 367 1798 rum
390 1759 592 1808 Capuam
628 1759 675 1795 111
709 1757 897 1796 hiberna
934 1757 1160 1796 concessit.
1226 1756 1275 1794 In
1311 1755 1396 1794 hac
1426 1756 1548 1802 urbe,
1584 1756 1704 1794 omni
1735 1756 1928 1795 luxuriae
1949 1768 2112 1806 genere

267 1826 629 1873 confertissin1a⁹‚
654 1826 820 1865 milites
855 1825 1166 1875 voluptatibus
1198 1824 1463 1871 immodicis,
1499 1825 1616 1870 vino,
1653 1824 1813 1874 epulis,
1850 1827 1894 1862 et
1928 1824 2018 1862 otio
2049 1824 2113 1862 ita

267 1896 466 1934 enervati
489 1899 605 1942 sunt,
632 1899 682 1933 ut
705 1895 820 1933 vires
843 1894 898 1931 ad
920 1892 1225 1931 vincendum¹⁰
1250 1904 1374 1942 paene
1395 1893 1666 1931 amitterent.
1731 1891 1891 1930 Hieme
1910 1892 2110 1930 nondum

268 1961 474 2009 exact-01¹¹,
495 1961 720 2000 Hannibal
738 1962 986 2000 exercitum
1003 1961 1250 1999 Casilinum
1269 1960 1464 2006 reduxit,
1480 1972 1620 2009 quum
1642 1960 1812 1998 interea
1825 1960 1997 1998 obsidio
2013 1971 2111 1998 con-

267 2032 395 2068 tinua
433 2030 678 2080 oppidanos
712 2029 1063 2080 praesidiumque
1099 2040 1150 2066 eo
1185 2027 1379 2078 inopiae1‘2
1411 2028 1688 2074 adduxisset,
1719 2031 1769 2065 ut
1797 2027 1939 2077 pelles
1970 2028 2110 2066 scutis

268 2096 526 2136 detractas¹³
548 2097 825 2143 manderent,
851 2109 932 2135 nec
947 2097 1153 2134 muribus
1170 2095 1506 2146 immundisque
1521 2095 1793 2133 animalibus
1812 2095 2105 2134 abstinerent.

270 2166 427 2216 Itaque
461 2166 567 2203 urbs
602 2165 847 2203 Hannibali
887 2165 1051 2202 tradita
1072 2168 1150 2203 est.
1212 2162 1337 2202 Dum
1371 2163 1480 2201 haec
1509 2164 1555 2200 in
1590 2163 1834 2212 Campani-51.
1872 2166 2107 2214 geruntur,

271 2234 443 2272 Petelia
473 2237 515 2271 et
548 2232 789 2272 Consentia
809 2233 856 2270 in
877 2232 1080 2279 Bruttiis,
1116 2232 1237 2270 fame
1269 2235 1441 2278 coactae,
1464 2243 1559 2269 sese
1583 2230 1840 2276 Η111111οῦ111,
1866 2228 2109 2280 praefecto¹⁴

274 2301 555 2348 Hannibalis,
581 2300 860 2338 dediderunt.

327 2369 588 2419 Insequenti
610 2380 740 2413 anno,
762 2368 839 2418 qui
862 2368 951 2406 fuit
972 2379 1118 2405 annus
1139 2367 1195 2405 ab
1217 2366 1326 2404 urbe
1342 2365 1519 2404 condita
1536 2365 1927 2415 quingentesimus
1949 2365 2109 2404 duode-

272 2437 663 2487 quadragesimus,
699 2436 764 2473 Ti.
800 2434 1091 2486 Sempronius
1122 2433 1350 2472 Gracchus
1381 2437 1424 2471 et
1457 2433 1622 2471 Fabius
1645 2432 1873 2471 Maximus
1905 2433 2111 2472 consules

275 2506 413 2543 creati
447 2508 565 2542 sunt.
625 2502 855 2541 Gracchus
890 2503 1141 2540 exercitum
1176 2501 1340 2539 Cumas
1371 2501 1517 2547 duxit,
1551 2500 1607 2538 ad
1642 2500 1895 2549 Campaniae
1935 2500 2107 2547 urbem,

272 2585 407 2622 quam
443 2584 468 2609 a
504 2571 740 2620 Campanis
781 2571 1037 2620 oppugnari
1074 2573 1317 2619 acceperat.
1382 2568 1448 2606 lbi
1480 2567 1811 2618 Campanorum
1844 2568 2106 2614 exercitum,

271 2641 537 2691 priusquam
561 2638 785 2676 Hannibal
809 2639 940 2676 sociis
963 2638 1055 2676 suis
1079 2649 1337 2675 succurrere
1369 2640 1532 2686 posset,
1559 2640 1778 2673 nocturno
1808 2635 1966 2685 proelio
1986 2647 2111 2685 paene

272 2708 450 2747 delevit.
518 2706 704 2752 Deinde,
724 2718 865 2756 quum
898 2705 1122 2743 Hannibal
1155 2705 1290 2743 citato
1311 2702 1525 2754 ag1ni11e¹⁵
1558 2703 1614 2740 ab
1637 2702 1813 2750 Tifatis,
1840 2702 1917 2740 ubi
1948 2705 2111 2741 stativa

315 2832 326 2852 ¹
347 2830 454 2861 Were
474 2829 626 2860 for-med.
640 2828 705 2851 —2’
723 2828 740 2868 ἓ
758 2829 863 2865 3Τ8,3.
878 2846 917 2849 --
931 2827 945 2848 ³
960 2827 1160 2867 Althongh.
1176 2845 1215 2849 ——
1228 2827 1241 2847 ⁴¹
1255 2826 1334 2857 The
1359 2827 1434 2857 rest
1452 2825 1492 2856 of
1507 2825 1570 2856 the
1588 2833 1750 2855 summor
1767 2823 1941 2862 (literally
1959 2825 1981 2838 “
1993 2823 2107 2854 What

275 2882 351 2902 was
367 2872 429 2902 lest
452 2872 495 2901 οῖ’
515 2871 577 2901 the
596 2879 761 2901 summer
773 2870 824 2903 Ἦ.
840 2887 883 2891 --
895 2870 909 2890 ⁵
928 2869 968 2900 1η
983 2869 1100 2907 fldem
1117 2868 1284 2906 recipere,
1305 2874 1343 2897 ro
1362 2867 1504 2897 receive
1522 2866 1585 2897 the
1602 2864 1831 2896 submission
1851 2864 1898 2895 os.
1912 2864 1978 2886 --8
1996 2864 2108 2895 Were

272 2913 454 2953 planning
479 2912 575 2942 meir
592 2911 779 2942 defection
791 2911 885 2941 from
907 2911 1088 2942 R01nc.——
1100 2910 1113 2929 ⁷
1128 2909 1251 2940 Hostis
1261 2909 1352 2940 adeo
1367 2908 1539 2946 (zfflz'qera
1553 2910 1591 2938 to
1615 2905 1735 2937 inflict
1749 2905 1839 2937 such
1851 2913 1870 2936 a
1888 2905 1964 2936 loss
1978 2913 2026 2936 on
2043 2904 2106 2935 the

273 2963 417 2990 ent-,nnn
431 2954 496 2975 —8
511 2954 577 2991 Spe
596 2952 784 2991 potiundi,
808 2952 844 2982 iu
864 2952 925 2983 the
945 2952 1040 2990 hope
1057 2951 1096 2981 of
1118 2950 1308 2988 roducing.
1359 2948 1452 2988 [The
1469 2948 1594 2979 verbsil
1610 2946 1817 2985 adjectives
1836 2946 1871 2976 in
1891 2946 1960 2977 dus
1976 2945 2016 2976 of
2038 2946 2103 2976 the

273 2998 301 3027 3.
322 2995 392 3025 and
410 2995 441 3025 4.
460 2993 727 3032 conjugations
745 2995 848 3023 osten
867 2993 953 3023 take
968 2994 1029 3023 tho,
1047 2991 1293 3023 termination
1317 2991 1442 3021 undas
1465 2989 1611 3020 instead
1630 2987 1670 3020 of
1689 2987 1834 3027 endas]
1848 2987 1913 3008 -9
1927 2985 2104 3018 Oversull.

273 3054 313 3059 —-
328 3036 359 3056 ¹⁰
372 3034 684 3073 Fui-conquering
700 3034 738 3065 in
757 3034 883 3064 battle.
900 3052 937 3056 —
955 3034 985 3054 ¹1
1000 3033 1124 3065 While
1135 3031 1271 3064 winter
1288 3039 1366 3062 was
1385 3036 1448 3061 not
1467 3032 1529 3069 yet
1545 3038 1646 3061 over.
1659 3048 1699 3052 —
1712 3029 1742 3049 1²
1757 3029 1813 3059 To
1827 3027 1919 3058 such
1936 3035 1952 3057 a
1973 3027 2108 3067 degree

275 3078 315 3107 of
334 3081 438 3107 want
472 3074 789 3113 (wlfwinum—*³
808 3074 939 3107 Puned
963 3074 1058 3106 from
1081 3074 1144 3106 the
1169 3072 1422 3106 shields.-¹¹
1441 3072 1521 3104 One
1554 3071 1594 3102 of
1617 3069 1843 3102 Hannibai's
1865 3067 2046 3110 generals.
2065 3084 2108 3091 —-

278 3117 310 3138 ¹⁶
327 3118 380 3157 By
398 3117 525 3149 forced
544 3116 728 3149 marcnes.
