2200 3519
268 253 371 302 144
745 266 911 303 LIBER
946 267 1003 314 Π,
1044 262 1107 302 12.
1144 262 1208 302 13.
1289 255 1358 317 [A.
1398 267 1450 305 U.
1491 260 1612 315 410.]

267 409 384 445 nites
401 405 622 444 dediticiis
643 404 800 455 populi
817 404 1006 443 Romani
1023 406 1270 454 parcerent.
1322 402 1404 442 His
1425 415 1451 442 a
1473 402 1750 443 Samnitibus
1766 403 1876 443 adeo
1894 404 2103 443 ferociter

266 477 335 512 est
365 485 642 523 responsum,
669 477 719 510 ut
740 476 949 512 senatum
980 471 1178 522 perfidiae
1213 475 1475 510 accusarent
1506 475 1564 518 et,
1589 471 1874 511 adstantibus
1905 470 2098 523 legatis¹,

266 542 501 591 praefectos
523 540 774 579 cohortium
795 544 1020 586 vocarent,
1038 539 1204 589 quibus
1227 539 1346 578 clara
1362 551 1468 577 voce
1487 539 1764 588 imperarent
1780 547 1831 578 ut
1851 540 2102 589 praedatum

265 610 311 647 111
333 621 493 660 agrum
516 608 796 658 Campanum
817 607 1046 657 extemplo
1067 607 1468 657 proficiscerentur.
1530 606 1556 644 J
1562 618 1671 645 ussu
1695 607 1853 657 populi
1873 606 1961 645 duo
1983 619 2104 645 exer-

266 677 381 715 citus
403 676 486 716 sub
508 676 727 715 ambobus
750 675 1011 715 consulibus
1041 674 1258 713 adversus
1289 673 1516 713 Samnites
1545 674 1674 713 missi
1704 677 1821 713 sunt.
1884 673 2011 712 Alter
2031 687 2104 713 ex-

266 745 432 783 ercitus
453 743 565 782 duce
585 741 645 783 M.
667 742 846 781 Valerio
868 741 1041 789 Corvo²‚
1067 754 1118 781 eo
1139 740 1236 792 qui³
1261 741 1446 780 Gallum
1466 742 1513 780 in
1535 742 1778 780 certamine
1799 741 2036 789 occiderat,
2056 743 2103 781 in

267 811 512 862 Campania
545 811 603 849 ad
637 814 837 849 montem
874 809 1079 848 Gaurum
1115 816 1259 849 castra
1293 810 1457 860 posuit.
1520 809 1743 856 Valerius,
1778 821 1984 849 summus
2018 810 2104 849 aevi

266 880 336 918 sui
358 880 615 929 imperator,
635 878 891 917 incredibili
914 877 1062 917 studio
1082 877 1153 916 vel
1175 877 1230 915 ab
1251 876 1420 915 infimis
1442 876 1643 916 militum
1660 877 1948 930 diligebatur.
1995 876 2104 928 Ope-

265 959 366 985 rum
397 947 666 985 militarium
696 946 1016 996 peritissimus,
1044 950 1088 984 et
1117 945 1325 983 laborum
1357 945 1732 995 patientissimus,
1756 957 1844 984 non
1866 945 2104 995 disciplina

264 1015 409 1061 modo,
431 1015 508 1053 sed
531 1014 739 1065 exemplo
762 1014 1011 1052 exercitum
1034 1014 1230 1064 regebat.
1294 1012 1442 1052 Comis
1464 1017 1508 1051 et
1529 1012 1673 1051 facilis
1693 1013 1742 1050 in
1762 1012 1882 1051 ludis
1903 1013 2103 1051 militari-

266 1083 366 1129 bus,
399 1083 518 1121 inter
547 1081 793 1122 sermones4
813 1093 915 1120 cum
948 1081 1173 1120 militibus
1208 1093 1297 1119 non
1330 1081 1482 1120 minus
1517 1080 1742 1119 libertatis
1777 1080 1946 1127 alienae,
1965 1092 2102 1131 quam

264 1163 354 1190 suae
376 1150 611 1201 dignitatis
641 1161 815 1188 memor
838 1152 945 1188 erat.
1008 1148 1117 1187 Tres
1139 1152 1182 1187 et
1204 1149 1369 1200 vigint-i
1399 1160 1540 1188 annos
1562 1152 1696 1186 natus
1725 1148 1926 1198 primum
1947 1148 2103 1187 consul
2146 1135 2149 1137 ⁵

264 1221 454 1264 creatus,
470 1217 877 1267 undetrigesimum
897 1229 1067 1255 annum
1084 1215 1257 1267 agens5,
1272 1217 1459 1255 tertium
1481 1216 1650 1263 consul,
1673 1215 1899 1255 Samnites
1919 1215 2097 1256 devicit.

263 1285 570 1337 Quadraginta
591 1286 721 1323 annis
742 1289 858 1335 post,
881 1289 1060 1324 sextum
1079 1285 1251 1331 consul,
1271 1296 1384 1335 opus
1407 1285 1599 1335 perfecit
1621 1284 1936 1323 difficillimum
1959 1284 2098 1333 factu,

262 1366 404 1403 quum
419 1354 664 1392 certamina
680 1353 974 1404 Plebejorum
990 1352 1377 1403 Patriciorumque
1394 1364 1502 1402 pace
1518 1352 1733 1390 diuturna
1750 1352 1796 1390 in
1813 1351 2099 1405 perpetuum⁶

263 1421 538 1460 terminavit.
604 1420 752 1460 Semel
788 1424 831 1459 et
866 1421 1006 1460 vicies
1046 1421 1388 1471 magistratibus
1428 1420 1664 1459 curulibus
1702 1419 2006 1470 perfunctus⁷‚
2045 1420 2102 1459 ad

262 1490 557 1529 centesimum
588 1501 733 1539 usque
763 1501 933 1528 annum
963 1489 1090 1527 vixit.
1155 1488 1301 1527 Testis
1336 1488 1426 1527 fuit
1459 1487 1623 1538 Pyrrhi
1655 1485 1847 1533 devictiss,
1871 1488 2101 1538 totiusque

262 1556 403 1596 Italiae
433 1570 459 1595 a
487 1557 658 1608 populo
679 1557 881 1596 Romano
903 1555 1198 1607 perdomitaei',
1218 1568 1360 1606 quum
1380 1555 1526 1607 puer¹⁰
1558 1556 1753 1606 patriam
1773 1556 1979 1595 terminis
2000 1556 2099 1607 agri

261 1625 452 1664 Romani
472 1625 727 1664 inclusam¹1
746 1625 948 1665 vidisset.

685 1715 979 1748 PEmanAsmc
1002 1715 1170 1748 Fnrrmm
1196 1715 1330 1755 (Study
1346 1716 1364 1756 g
1381 1716 1443 1748 197
1458 1716 1498 1747 to
1514 1714 1558 1749 R.
1577 1715 1666 1755 100).

315 1778 437 1818 XIII.
474 1778 694 1817 Proelium
716 1778 771 1816 ad
792 1782 991 1816 montem
1015 1778 1219 1817 Gaurum
1240 1780 1380 1829 aequis
1401 1779 1631 1828 utrimque
1652 1778 1841 1825 viribus,
1863 1789 1964 1816 cum
1986 1776 2096 1815 fidu-

262 1848 329 1886 cia
359 1846 482 1894 sui¹²,
509 1847 605 1886 sine
628 1850 891 1897 contemptu
921 1845 1121 1886 hostium
1153 1847 1444 1886 commissum
1466 1851 1546 1886 est.
1609 1845 1700 1885 Diu
1719 1846 1909 1885 victoria
1938 1857 2100 1895 anceps

262 1916 365 1954 fuit.
431 1914 655 1954 Samnites
696 1915 875 1953 stabant
914 1914 1120 1961 obnixiffl,
1154 1926 1433 1964 quamquam
1471 1915 1606 1965 plura
1645 1914 1922 1964 accipiebant
1960 1925 2098 1964 quam

259 1980 549 2021 inferebant³⁴¹
572 1981 773 2021 vulnera.
838 1981 1019 2021 Primus
1049 1982 1253 2020 omnium
1276 1982 1432 2021 consul
1461 1981 1670 2022 invaditss‘
1703 1981 1893 2020 hostem.
1955 1981 2099 2020 Atrox

260 2051 401 2089 caedes
423 2051 538 2089 circa
560 2050 689 2101 signa
711 2049 998 2093 Samnitium,
1020 2050 1132 2101 fuga
1152 2050 1208 2088 ab
1230 2048 1501 2088 111111ῖ1111111116
1521 2053 1647 2100 parte
1670 2053 1778 2088 erat.
1841 2048 1988 2096 Quum
2010 2060 2100 2087 non

258 2118 458 2156 multum
493 2117 581 2156 diei
617 2122 887 2167 superesset,
915 2117 1119 2163 Romani,
1147 2117 1214 2156 ira
1243 2118 1432 2164 accensi,
1462 2118 1672 2156 omnibus
1703 2117 1842 2167 copiis
1875 2117 2099 2166 impetum

260 2186 446 2224 faciunt.
511 2185 626 2223 Tum
659 2185 859 2235 primum
891 2184 1162 2223 Samnitium
1192 2185 1333 2224 aciem
1367 2186 1414 2223 in
1452 2185 1611 2236 fugam
1632 2185 1840 2223 inclinari
1871 2184 2093 2234 apparuit.

259 2251 362 2291 Mox
395 2258 523 2304 terga
543 2256 732 2300 vertere,
759 2265 841 2291 nec
860 2253 996 2291 multi
1027 2253 1378 2302 superfuissent,
1404 2253 1451 2290 ni
1471 2265 1560 2291 nox
1580 2252 1793 2302 proelium
1825 2251 2093 2290 diremisset.

259 2319 448 2359 Romani
489 2320 762 2365 fatebantur,
800 2332 1050 2370 numquam
1091 2331 1138 2359 se
1178 2331 1281 2358 cum
1320 2320 1618 2370 pertinaciore
1658 2319 1786 2359 hoste
1825 2317 2090 2358 conflixisse.

258 2387 444 2427 Postero
465 2387 536 2426 die
557 2387 711 2426 vacuis
731 2386 932 2427 hostium
954 2388 1112 2427 castris
1134 2387 1400 2426 Romanus¹⁷
1423 2391 1608 2437 potitur.

313 2454 444 2493 Alter
474 2456 711 2501 exercitus,
734 2467 759 2492 a
781 2455 984 2493 Cornelio
1005 2455 1188 2493 consule
1208 2455 1255 2492 in
1278 2453 1512 2493 Samnium
1534 2454 1793 2505 perductus,
1812 2454 1991 2493 incaute
2012 2453 2095 2493 sal-

258 2528 358 2560 tum
393 2523 449 2560 ab
483 2522 612 2561 hoste
634 2523 858 2561 insessum
892 2523 1124 2574 ingressus
1146 2526 1226 2562 est.
1290 2521 1462 2570 Subito,
1484 2534 1626 2573 quum
1654 2522 1748 2573 jam
1778 2522 1908 2573 signa
1935 2521 2096 2560 referri

258 2603 346 2628 non
377 2589 607 2640 possentst‘,
632 2589 776 2629 hostis
807 2590 903 2628 loca
936 2590 1168 2640 superiora
1196 2594 1356 2629 tenens
1384 2590 1440 2628 ab
1471 2591 1673 2629 exercitu
1703 2590 1913 2628 cernitur.
1976 2588 2094 2626 Tum

258 2657 306 2698 P.
334 2658 511 2705 Decius,
537 2658 748 2697 tribunus
777 2658 991 2705 militum,
1013 2658 1228 2707 conspicit
1249 2670 1392 2696 unum
1414 2657 1586 2696 editum
1608 2658 1655 2695 in
1675 2657 1795 2697 saltu
1816 2656 1988 2705 collem,
2013 2656 2093 2693 im-

301 2780 312 2800 1
331 2780 373 2811 In
398 2779 461 2811 the
483 2788 663 2819 presence
686 2779 727 2810 of
747 2779 811 2811 the
836 2779 1108 2811 embassadors.
1124 2797 1163 2802 --
1177 2779 1191 2800 2
1210 2778 1308 2811 Duce
1332 2777 1485 2816 Valerio,
1505 2778 1625 2809 under
1639 2777 1826 2813 Valerius,
1847 2785 1910 2808 see
1927 2776 2033 2816 5185.
2050 2793 2091 2799 —-

258 2820 273 2841 ³
291 2821 370 2851 The
397 2830 468 2851 one
488 2821 581 2852 who.
600 2821 665 2843 --4
684 2820 724 2851 In
760 2820 816 2851 his
844 2820 1200 2852 conversati011.—⁵
1218 2820 1260 2852 111
1289 2820 1349 2851 his
1372 2818 1644 2858 twenty-nium
1671 2827 1760 2857 year
1785 2821 1900 2852 (more
1931 2816 2094 2856 literally

261 2862 282 2876 ‘⁵
293 2861 447 2900 passing
459 2861 518 2892 hisv
531 2862 616 2893 *zoth
628 2870 714 2900 year
726 2862 840 2894 ''L—⁶
852 2862 925 2893 For
936 2870 1032 2893 ever.
1048 2879 1087 2884 —-
1101 2861 1115 2882 ⁷
1128 2861 1277 2900 Having
1287 2860 1556 2893 administered
1569 2860 1696 2891 curule
1709 2859 1846 2890 officeS.
1862 2876 1901 2881 -
1915 2857 1930 2879 ⁸
1942 2858 1991 2889 Of
2004 2857 2092 2896 Pyr-

256 2902 382 2933 rhus-'s
396 2902 532 2934 defeat.
548 2921 586 2925 —
601 2903 615 2922 ⁹
627 2902 759 2934 Italiae
772 2902 1012 2942 perdomitae,
1026 2903 1066 2933 of
1083 2902 1212 2941 Italy’s
1226 2901 1448 2941 subjection.
1462 2919 1503 2924 ——
1515 2901 1546 2922 1⁰
1562 2900 1686 2931 While
1699 2909 1740 2932 as
1754 2909 1775 2932 a
1792 2900 1876 2936 boy.
1890 2916 1933 2922 ——
1944 2899 1975 2920 11
1995 2900 2090 2930 (5011-

257 2943 357 2974 1111οᾶ
381 2946 421 2975 to
446 2943 621 2982 (litei-:xilv
647 2943 859 2975 “enclosed
882 2943 971 2979 111”)
996 2944 1060 2973 the
1083 2942 1202 2974 limite
1227 2945 1269 2974 of
1287 2943 1440 2975 Rome's
1465 2941 1816 2981 city-district.—-12
1831 2940 1996 2972 Fiducia
2019 2939 2090 2977 svi,

258 2984 519 3016 sels-reliance.
532 3003 576 3007 —
589 2984 621 3006 ¹³
639 2984 870 3024 Resolutcly.
889 3002 923 3006 —
936 2985 967 3005 14
993 2984 1150 3018 Vulnera
1165 2984 1316 3025 inferre,
1335 2988 1375 3015 to
1390 2982 1512 3015 inflict
1525 2982 1695 3014 wounds.
1710 3000 1752 3005 ——
1765 2981 1799 3004 1⁵
1819 2981 1970 3014 Primus
1985 2980 2090 3013 invd-

257 3025 327 3060 dir.
343 3033 419 3056 was
435 3025 498 3056 tho
512 3025 593 3057 first
607 3028 647 3057 to
659 3025 798 3057 attack.
814 3043 854 3047 —-
869 3025 901 3046 ¹⁶
914 3025 969 3057 Ab
981 3025 1178 3057 numidam
1189 3025 1308 3065 parte,
1327 3025 1426 3055 from
1443 3032 1492 3055 no
1509 3026 1593 3062 part
1604 3025 1678 3063 yet.
1693 3041 1733 3046 -
1748 3022 1780 3045 ¹⁷
1798 3022 1952 3054 Instead
1965 3021 2006 3052 of
2023 3020 2093 3054 Ro-

256 3066 364 3097 mani
382 3066 644 3104 potiuntun—
659 3067 693 3088 1⁸
709 3066 831 3097 When
855 3066 886 3097 it
902 3074 978 3097 was
1003 3075 1053 3096 no
1076 3074 1181 3097 more
1206 3065 1375 3107 possible
1398 3070 1438 3098 to
1459 3068 1589 3097 return
1615 3063 1817 3104 (literallyt
1844 3062 2001 3095 “When
2026 3060 2091 3095 the

255 3106 454 3138 standards
469 3107 581 3139 could
597 3113 664 3139 not
680 3115 763 3139 now
780 3107 826 3138 be
842 3106 986 3139 carried
1001 3106 1098 3139 back
1109 3106 1160 3146 ”).
