2200 3519
618 221 783 258 LIBER
820 222 855 271 1,
896 217 1041 258 17-19.
1139 211 1208 273 [A.
1250 225 1301 262 U.
1344 214 1576 276 113-136.]
1923 215 2026 266 123

173 359 308 399 Hunc
342 363 545 399 montem
576 359 730 400 Ancus
767 361 870 400 urbi
904 361 1073 413 adjocit
1108 364 1152 401 et
1187 373 1289 402 arce
1322 365 1537 405 mun1vit.
1601 364 1750 413 Quum
1782 367 1952 407 scelera
1982 372 2026 407 et

171 428 343 479 flagitia
372 429 465 468 illis
497 429 779 480 temporibus
809 428 1053 469 admodum
1092 430 1406 478 increvissent,
1437 445 1662 473 carcerem
1702 447 1842 486 prope
1873 435 2026 475 forum

171 496 424 537 aedificavit.
487 496 673 536 Latinos
705 497 826 536 bello
861 498 1049 538 domuit.
1128 499 1300 538 Eorum
1342 501 1503 540 urbem
1543 501 1812 541 Politorium
1853 508 1897 542 et
1936 504 2026 543 alia

170 565 335 615 oppida
357 565 520 604 Latina
540 566 585 604 vi
608 566 741 616 cepit,
762 570 898 616 atque
921 579 976 605 ex
997 566 1069 607 his
1091 579 1271 606 omnem
1301 568 1648 608 multitudinem
1668 569 1860 610 Romam
1882 575 2025 611 trans-

169 633 314 672 duxit.
378 633 496 673 Huic
515 634 804 673 multitudini
834 639 1035 673 montem
1058 635 1339 676 Aventinum
1360 637 1416 676 ad
1437 637 1737 678 habitandum
1752 638 1763 659 1
1784 641 2019 680 concessit.

409 711 682 744 Possnssivsss.
730 711 762 752 (ἓ
779 712 843 750 96;
869 712 913 745 R.
932 712 997 753 42;
1023 711 1041 753 S
1058 713 1147 753 102.)
1192 713 1346 747 Review
1363 714 1427 746 the
1444 714 1779 748 Determinatives.

223 766 389 808 XVIII.
426 767 663 820 Regnante
686 769 809 807 Anco
840 769 988 820 prima
1018 770 1214 821 vestigia
1251 770 1468 810 doctrinae
1490 772 1652 811 Graecae
1682 773 1729 811 in
1760 773 1919 812 urbem
1954 773 2021 812 in-

168 835 355 876 fluxisse
376 837 602 877 videntur.
664 836 942 877 Demaratus
975 838 1177 888 quidam,
1199 837 1476 887 Corinthius,
1497 841 1578 890 qui
1608 840 1793 892 Cypseli
1823 842 2024 892 tyranni-

167 905 270 944 dem
292 905 412 945 ferre
433 918 522 944 non
543 906 708 957 potuit,
729 918 776 945 se
798 906 990 945 contulit
1011 906 1299 957 Tarquinios,
1320 908 1366 946 in
1389 909 1547 947 urbem
1583 908 1778 948 Etruriae
1801 909 2020 949 florentis-

168 974 344 1021 simam,
365 979 409 1013 et
429 975 476 1013 in
498 979 550 1014 ea.
571 975 683 1013 urbe
705 975 987 1014 domicilium
1009 975 1259 1016 collocavit.
1323 975 1391 1014 Ibi
1420 981 1613 1016 uxorem
1643 977 1842 1016 nobilem
1873 978 2020 1026 duxit,

167 1048 212 1082 et
233 1055 336 1082 cum
359 1047 412 1082 ea
432 1043 546 1082 duos
568 1043 699 1090 filios,
726 1043 1037 1082 Lucumonem
1058 1047 1103 1082 et
1125 1044 1350 1083 Aruntem
1371 1046 1543 1096 genuit.
1604 1045 1863 1097 Utrumque
1898 1047 2021 1085 omni

167 1111 372 1151 doctrina
406 1111 561 1150 Graeca
581 1111 933 1163 diligentissime
955 1112 1167 1152 erudivit.
1227 1112 1432 1152 Lucumo
1454 1114 1501 1152 10
1522 1114 1865 1153 matrimonium
1887 1114 2020 1154 duxit

166 1180 481 1231 Tanaqussem,
508 1181 728 1219 feminam
751 1192 928 1220 summo
949 1180 1046 1219 loco
1068 1185 1235 1228 natam,
1261 1184 1321 1228 et,
1343 1193 1450 1221 casu
1472 1182 1624 1232 aliquo
1655 1182 1892 1230 adductus,
1916 1195 2020 1222 cum

167 1253 312 1288 uxore
334 1254 417 1288 sua
438 1248 628 1287 Romam
658 1249 890 1300 migravit.
953 1249 1148 1288 Deflexit
1170 1262 1335 1288 nomen
1357 1250 1604 1289 Etruscum
1626 1264 1776 1299 suum,
1801 1251 2022 1292 Lucumo·

167 1329 272 1356 nem
317 1317 707 1368 Tarquiniensem,
742 1318 790 1356 in
829 1317 1087 1356 Romanum
1129 1330 1295 1356 nomen
1336 1317 1529 1357 Lucium
1571 1318 1884 1369 Tarquinium.
1964 1320 2024 1359 Et

166 1386 375 1424 comitate
397 1390 440 1424 et
463 1385 635 1424 divitiis
657 1386 752 1425 suis
788 1386 916 1424 brevi
952 1387 1082 1425 novis
1118 1386 1292 1425 civibus
1329 1387 1424 1426 suis
1461 1387 1722 1426 carissimus
1754 1387 1904 1427 factus
1935 1382 2037 1428 ests

166 1454 320 1493 Ancus
342 1466 522 1504 quoque
544 1466 625 1492 rex
657 1454 957 1504 Tarquinium
978 1459 1163 1505 propter
1192 1454 1320 1506 ejus²
1340 1454 1676 1494 humanitatem
1712 1459 1756 1494 et
1791 1456 2023 1495 insolitam

165 1523 449 1573 temporibus
484 1522 578 1561 illis
612 1522 879 1570 doctrinam,
916 1523 963 1561 in
997 1523 1358 1563 familiaritatem
1396 1535 1527 1563 suam
1566 1524 1750 1575 recepit.
1815 1524 2022 1575 Denique

165 1594 291 1629 tanta
313 1590 404 1629 fuit
426 1591 527 1642 ejus
562 1591 684 1642 apud
719 1604 873 1643 regem
905 1592 1151 1631 auctoritas
1187 1595 1237 1630 ut
1273 1592 1484 1631 omnibus
1519 1592 1715 1642 publicis
1751 1595 1795 1630 et
1825 1593 2020 1643 privatis

165 1659 367 1699 conciliis
413 1659 535 1699 domi
573 1659 838 1710 militiaeque
873 1659 1089 1707 adesset,³
1133 1663 1178 1699 et
1229 1673 1358 1711 paene
1399 1660 1545 1699 socius
1585 1660 1715 1712 regni
1766 1665 2017 1711 putaretur.

164 1729 317 1768 Ancus
339 1733 547 1768 mortuus
582 1731 651 1767 est
672 1741 815 1779 quum
846 1740 986 1767 annos
1017 1732 1214 1779 quatuor
1244 1732 1289 1767 et
1319 1728 1486 1780 viginti
1515 1732 1767 1780 regnasset.
1832 1729 2002 1780 Tarqui

163 1798 293 1837 nium
314 1801 513 1836 tutorem
534 1797 688 1836 liberis
712 1797 806 1836 suis
827 1801 1101 1837 testamento
1122 1797 1398 1837 instituerat.

738 1892 977 1925 NUMERALS.
1027 1891 1080 1932 (ἐξ
1096 1892 1226 1933 89-94;
1251 1891 1295 1924 R.
1315 1892 1447 1931 55—61.)

218 1949 338 1989 XIX.
374 1949 483 1989 Post
504 1953 697 1989 mortem
719 1949 845 1996 Anci,
872 1961 971 2000 quae
1007 1949 1168 1988 incidit
1189 1950 1236 1987 10
1257 1961 1430 1988 annum
1461 1949 1588 1989 urbis
1618 1950 1918 1989 centesimum
1938 1951 2016 1990 tri-

165 2019 385 2058 cesimum
404 2022 601 2065 sextum,
623 2017 791 2056 Lucius
808 2017 1100 2067 Tarquinius,
1117 2016 1189 2055 cui
1210 2020 1368 2067 postea
1389 2016 1533 2056 Prisci
1555 2022 1805 2069 cognomen
1825 2018 2022 2058 inditum

165 2091 250 2134 est,
276 2099 356 2125 rex
379 2099 405 2125 a
426 2086 596 2137 populo
619 2090 810 2125 creatur.
876 2083 921 2125 Is
942 2086 1104 2124 tertius
1125 2091 1395 2136 peregrinus
1416 2097 1496 2124 rex
1513 2086 1528 2105 ⁴
1561 2085 1711 2124 Romae
1734 2086 1957 2137 regnavit,
1983 2087 2021 2127 si

164 2155 348 2194 Tatium
377 2156 591 2205 primum,
617 2166 669 2193 ac
698 2153 900 2192 Numam
932 2153 1183 2193 secundum
1214 2165 1440 2193 numeres.
1505 2153 1701 2193 Centum
1732 2166 1872 2194 novos
1894 2167 2020 2195 sena-

163 2227 285 2263 tores
315 2223 442 2275 legit,
468 2223 532 2261 ita
554 2226 605 2261 ut
626 2234 869 2261 numerum
900 2222 1035 2260 illum
1065 2222 1314 2272 pristinum
1345 2226 1529 2272 patrum
1559 2222 1827 2272 duplicaret.
1890 2223 2018 2262 Anti—

163 2304 276 2343 quos
311 2296 542 2331 senatores
577 2291 829 2342 appellavit
865 2294 1016 2341 patres
1050 2290 1281 2341 majorum
1317 2291 1537 2341 gentium.
1601 2290 1874 2340 Equestrem
1904 2291 2018 2330 ordi-

163 2372 268 2399 nem
289 2360 344 2399 ad
366 2373 472 2399 eum
494 2372 665 2399 morem
686 2359 936 2406 constituit,
957 2359 1036 2409 qui
1057 2363 1161 2409 post
1198 2371 1301 2397 eum
1333 2371 1413 2409 per
1441 2358 1589 2396 multa
1620 2358 1783 2398 saecula
1812 2362 2016 2399 retentus

164 2434 244 2470 est.
307 2430 563 2469 Numerum
594 2430 802 2480 equitum
838 2428 894 2467 ad
928 2428 1054 2466 mille
1077 2431 1121 2466 et
1143 2427 1426 2478 octingentos
1457 2427 1660 2474 adauxit,
1686 2428 1767 2478 qui
1801 2440 2019 2467 numerus

164 2506 321 2550 postea
341 2497 602 2548 duplicatus
624 2501 707 2545 est,
734 2501 784 2536 ut
801 2496 891 2535 duo
912 2495 1059 2534 millia
1081 2495 1287 2534 sexcenti
1309 2495 1485 2546 equites
1503 2499 1666 2535 essent.
1725 2493 1769 2534 A
1785 2495 2019 2535 nonnullis

164 2571 317 2606 tamen
339 2566 632 2617 scriptoribus
654 2565 919 2604 constitutio
940 2565 1148 2615 equitum
1179 2564 1388 2614 sequenti
1419 2564 1530 2615 regi,
1558 2562 1712 2602 Servio
1743 2563 1909 2611 Tullio,
1934 2564 2012 2602 tri-

164 2635 334 2675 buitur.
398 2634 677 2685 Tarquinius
713 2645 768 2672 ex
791 2632 941 2683 praeda
975 2632 1086 2671 belli
1107 2632 1228 2682 quod
1250 2644 1353 2671 cum
1373 2631 1552 2672 LatInis
1579 2632 1734 2683 gessit,
1760 2631 1892 2671 ludos
1913 2644 2016 2682 opu-

163 2703 333 2742 lentius
368 2702 589 2742 instruxit
629 2714 766 2752 quam
806 2707 939 2739 antea
979 2700 1180 2748 fuerant,
1214 2703 1259 2739 et
1300 2700 1482 2739 Circum
1514 2699 1713 2738 condidit
1749 2700 1828 2750 qui
1863 2704 2018 2749 postea

164 2771 392 2810 Maximus
425 2771 570 2810 dictus
607 2774 687 2810 est.
753 2768 1045 2809 senatoribus
1079 2772 1124 2807 et
1157 2769 1390 2818 equitibus
1431 2768 1559 2808 sedes
1594 2768 1642 2806 in
1678 2766 1804 2806 Circo
1835 2767 2010 2815 tribuit,

163 2839 393 2879 duodo-nos
414 2838 552 2890 pedes
587 2839 643 2877 ab
665 2841 787 2876 terrai
822 2837 955 2883 altas,
975 2837 1039 2874 ita
1075 2841 1125 2875 ut
1162 2837 1410 2886 separatim
1445 2848 1470 2873 a
1504 2835 1673 2885 populo
1694 2834 1826 2873 ludos
1850 2840 2018 2885 specta-

163 2911 276 2947 rent.
337 2906 463 2946 Idem
487 2919 566 2945 rex
589 2907 679 2945 alia
701 2906 954 2945 clarissima
975 2916 1111 2955 opera
1146 2903 1392 2950 inchoavit,
1413 2916 1513 2954 quae
1535 2916 1560 2941 a
1582 2903 1881 2953 sequentibus
1903 2903 2014 2955 regi-

164 2975 248 3014 bus
269 2976 472 3025 perfecta
494 2979 614 3022 sunt,
641 2978 692 3013 ut
713 2974 1004 3024 Capitolium,
1030 2985 1215 3011 murum
1239 2972 1378 3019 urbis,
1405 2975 1450 3010 ct
1472 2971 1659 3010 cloacas.

207 3070 220 3091 1
235 3070 311 3102 For
325 3077 347 3101 a
363 3069 571 3101 residence.
585 3087 625 3091 —
638 3069 653 3090 2
671 3069 742 3101 See
760 3068 803 3100 R.
823 3068 875 3099 40.
889 3085 930 3090 -
944 3067 958 3088 3
969 3066 1045 3100 Ut..
1062 3093 1068 3097 .
1083 3066 1276 3100 .c0ncicz·2;s.
1290 3067 1475 3105 ..adessen
1495 3065 1579 3098 that
1601 3065 1649 3097 he
1673 3064 1768 3098 took
1791 3067 1876 3105 part
1892 3064 1932 3097 in
1949 3065 2013 3098 the

163 3111 346 3145 eouncils.
359 3128 400 3134 -
413 3110 428 3132 ⁴
446 3111 504 3143 He
521 3118 598 3144 was
617 3110 682 3143 the
700 3109 803 3143 third
819 3108 967 3150 foreign
984 3107 1078 3149 king
1093 3107 1190 3140 who.
1860 3119 1884 3137 ι
