2200 3519
557 223 723 261 mssnu
758 225 819 274 11,
859 221 896 262 9.
932 221 996 262 10.
1080 214 1150 276 [A.
1191 227 1242 264 n.
1283 214 1514 280 369-377]
1856 216 1956 268 141

107 361 296 402 notibus
325 362 625 403 excluserant.
689 362 799 402 Erat
820 363 991 418 Manlio
1023 364 1196 404 fundus
1226 365 1273 404 in
1303 377 1413 418 agro
1434 365 1634 418 Vejenti,
1663 370 1800 418 caput
1821 369 1959 418 patri-

106 429 275 470 monii'.
338 429 474 470 Hunc
494 431 690 483 subjecit
715 431 944 482 praeccni2‚
971 436 1015 471 et
1036 434 1180 483 pretio
1203 433 1336 472 fundi
1358 433 1570 486 PlebeJ'os
1592 436 1639 474 in
1661 435 1844 474 vincula
1865 449 1962 476 con-

105 497 250 549 jectos
270 498 475 546 redemit,
501 499 724 550 dixitque,
750 512 811 548 se,
837 500 946 538 dum
967 501 1218 551 quidquam
1248 502 1296 540 in
1326 514 1373 541 re
1402 507 1485 542 sua
1515 503 1810 554 superesset³,
1835 517 1964 545 num-

104 577 244 616 quam
264 566 525 617 paSSfirum⁴
547 571 597 607 ut
615 568 736 608 cives
758 568 829 607 sui
850 574 1036 618 propter
1055 581 1115 608 aes
1136 569 1337 608 alienum
1358 571 1405 609 in
1427 583 1650 610 carcerem
1672 572 1955 612 ducerentur.

104 631 157 672 Id
192 634 257 672 ita
291 635 495 674 accendit
525 636 700 675 animos
721 635 1033 687 Plebejorum,
1059 641 1111 676 ut
1132 637 1319 677 Patricii
1349 638 1618 679 seditionem
1647 640 1795 690 plebis
1818 642 1963 681 immi·

103 707 209 742 nere
244 706 472 754 putarent.
536 703 710 742 Manlio
742 707 897 743 autem
931 705 1185 746 liberalitas
1220 719 1303 746 sua
1337 708 1476 746 exitio
1509 708 1611 748 fuit.
1677 708 1870 749 Senatus
1903 710 1954 750 A.

106 769 367 810 Cornelium
390 771 580 811 Cossum
602 771 872 812 dictatorem
888 772 945 812 ab
962 775 1165 813 exercitu
1181 774 1238 813 ad
1255 775 1415 814 urbem
1428 777 1619 824 vocavit,
1640 777 1718 827 qui
1736 777 1956 818 Manlium

104 838 427 890 comprehendi
456 844 502 879 et
532 840 579 878 in
601 840 785 880 vincula
814 840 918 880 duci
947 842 1102 893 jussit.
1165 841 1422 883 Accusatus
1452 844 1573 895 quod
1602 857 1795 896 regnum
1824 859 1954 897 appe-

101 905 253 955 teret⁵,
277 907 326 946 in
348 908 544 947 comitiis
566 909 833 949 centuriatis
854 909 1099 951 damnatus
1120 914 1201 960 est,
1228 914 1272 951 et
1295 912 1350 950 de
1371 925 1480 953 saxo
1502 912 1695 965 Tarpejo
1716 914 1937 966 dejectus.

105 1016 317 1050 AGREEING
340 1017 602 1051 A'r'rmnn'rns
627 1018 660 1059 (g
677 1019 738 1052 299
754 1020 794 1052 to
817 1019 955 1094 ngfflcii.
1002 1020 1363 1104 Ἶὲἔῐὲοὲζᾶᾰὴεοὴηε
1379 1022 1613 1063 Adjectives,
1632 1023 1651 1065 ξ
1667 1024 1731 1057 304
1747 1025 1788 1057 to
1804 1024 1850 1058 R.
1870 1025 1956 1065 169).

902 1071 923 1094 u
954 1071 978 1102 y
993 1071 1014 1094 a
1033 1084 1044 1095 t
1148 1073 1166 1095 o
1192 1088 1200 1096 .

151 1123 204 1165 X.
238 1123 345 1166 Jam
384 1125 584 1176 Patricii,
618 1128 742 1167 omni
774 1132 902 1168 metu
939 1129 1135 1177 liberati,
1171 1128 1388 1169 audacius
1426 1129 1666 1180 pristinam
1705 1143 1835 1170 suam
1875 1143 1951 1181 po-

95 1194 286 1232 tentiam
308 1199 519 1245 reparare
540 1199 789 1246 coeperunt.
852 1197 946 1236 Aut
966 1197 1223 1249 largitione,
1246 1202 1325 1236 aut
1347 1198 1483 1237 minis
1504 1210 1555 1237 ac
1574 1202 1700 1237 metu
1722 1199 1950 1250 principes

98 1260 393 1314 Plebejorum
426 1263 726 1314 prohibebant
758 1264 833 1304 ne⁶
865 1266 1188 1317 magistratum
1221 1266 1370 1305 ullum
1401 1271 1622 1317 peterent.
1685 1266 1845 1318 Itaque
1877 1268 1950 1305 tri-

95 1328 209 1370 bfini
241 1332 468 1371 consulari
501 1337 726 1384 potestate
756 1334 850 1385 jam
881 1334 958 1372 diu
990 1346 1044 1373 ex
1081 1334 1190 1374 solis
1220 1334 1429 1374 Patriciis
1464 1335 1764 1386 eligebantur,
1795 1339 1840 1374 et
1870 1336 1948 1374 tri-

95 1398 207 1438 buni
237 1399 383 1450 plebis
418 1405 544 1440 metu
579 1401 926 1444 deterrebantur.
959 1402 1034 1441 ne⁷
1068 1402 1369 1442 Patriciorum
1399 1403 1626 1442 voluntati
1659 1403 1942 1443 obsisterent.

97 1465 199 1519 Quo
222 1469 395 1508 factum
417 1468 503 1508 est8
525 1474 575 1509 ut
596 1471 745 1521 magis
777 1471 823 1509 in
854 1471 950 1510 dies
981 1471 1163 1510 miseria
1193 1471 1341 1521 plebis
1370 1475 1603 1519 cresceret,
1629 1476 1673 1510 et
1693 1472 1870 1524 Plebeji
1891 1473 1947 1511 ob

95 1548 155 1577 aes
185 1537 402 1584 alienum,
428 1538 604 1589 ingenti
637 1539 810 1578 foenore
832 1544 1030 1587 auctum,
1058 1539 1352 1578 creditoribus
1385 1539 1593 1579 Patriciis
1621 1540 1948 1580 addicerentur.

95 1604 296 1644 Accessit
319 1605 386 1644 ut⁹
411 1605 596 1645 Patricii
625 1611 773 1646 totum
805 1607 901 1646 fere
922 1620 1083 1658 agrum
1106 1608 1356 1658 publicum,
1382 1608 1516 1647 victis
1536 1608 1749 1659 gentibus
1771 1608 1949 1659 ademp-

94 1675 210 1720 tum,
235 1674 532 1725 possiderent,
558 1688 706 1726 neque
729 1676 871 1715 ullam
902 1680 1079 1727 partem
1102 1677 1202 1726 ejus
1227 1676 1285 1714 ad
1312 1676 1525 1728 Plebejos
1547 1675 1815 1727 pervenire1⁰
1839 1678 1950 1716 sine-

98 1745 211 1781 rent.
275 1741 425 1789 Quum
449 1743 643 1796 Plebeji‚
663 1745 830 1795 quibus
860 1757 916 1783 ne
942 1745 1013 1785 sui
1035 1744 1221 1795 quidem
1243 1746 1537 1796 magistratus
1559 1744 1730 1783 auxilio
1750 1745 1947 1792 essent11,

99 1808 197 1861 J'am
217 1809 272 1849 de
293 1811 430 1851 rebus
454 1812 549 1852 suis
570 1811 935 1862 desperassentffl,
963 1813 1013 1852 A.
1043 1812 1244 1852 Licinius
1268 1811 1392 1851 Stolo
1414 1816 1458 1852 et
1477 1810 1526 1852 L.
1557 1811 1755 1862 Sextius,
1777 1813 1949 1851 tribfini

98 1877 260 1928 plebis,
281 1878 489 1920 homines
511 1881 679 1919 summi
701 1881 874 1932 ingenii
909 1893 1190 1931 summaeque
1213 1881 1413 1928 virm-itis,
1435 1881 1785 1932 promulgavc'ffe
1807 1881 1945 1932 leges,

99 1958 237 1985 unam
269 1947 324 1986 de
354 1961 440 1987 aere
470 1949 630 1993 alieno,
656 1953 704 1988 ut
734 1949 856 2000 quod
886 1954 1131 1988 usurarum
1163 1950 1344 1988 nomine
1374 1953 1664 1989 numeratum
1698 1948 1868 1996 essetffi,
1894 1949 1949 1988 de

98 2015 280 2065 capite¹⁴
304 2016 620 2064 deduceretur,
642 2023 686 2056 et
708 2018 754 2056 id
775 2018 896 2068 quod
919 2016 1216 2068 superesset¹⁵
1238 2018 1471 2056 triennio¹⁶
1494 2018 1635 2068 aequis
1665 2018 1948 2068 portionibus

97 2083 463 2134 persolveretur;
498 2085 690 2124 alteram
722 2085 776 2124 de
807 2085 977 2124 modo¹⁷
1009 2090 1223 2137 agrorum
1253 2085 1555 2136 publicorum,
1587 2098 1643 2123 ne
1673 2084 1812 2134 quis¹⁶
1843 2085 1948 2135 plus

95 2163 232 2202 quarn
255 2152 508 2204 quingenta
537 2154 702 2204 jugera
732 2153 831 2204 agri
859 2153 1031 2204 publici
1062 2153 1345 2204 possiderem
1375 2153 1558 2192 tertiam
1580 2165 1636 2191 ne
1657 2153 1946 2191 tribunorum

93 2219 319 2260 consula-ri
340 2224 565 2271 potestate
588 2219 802 2259 comitia¹⁹
826 2219 1040 2268 fierent²⁰,
1066 2224 1111 2259 et
1131 2224 1183 2259 ut
1203 2219 1321 2258 alter
1343 2219 1581 2258 consulum
1603 2231 1659 2258 ex
1681 2219 1813 2270 plebe
1831 2232 1947 2259 crea-

91 2293 229 2328 remr.
293 2288 492 2336 Patricii,
514 2302 569 2327 ne
591 2288 660 2328 11ae
680 2289 806 2341 leges
829 2289 1072 2336 ferrentur,
1098 2288 1310 2334 remedio,
1335 2287 1430 2337 jam
1451 2286 1610 2325 multis
1627 2288 1949 2328 certaminibus

93 2360 228 2396 antea
257 2362 458 2408 experto,
485 2358 555 2396 usi
585 2364 705 2405 sunt,
732 2362 782 2396 ut
803 2358 1016 2397 tribunos
1049 2362 1219 2396 ceteros
1251 2356 1306 2394 ad
1339 2354 1745 2394 intercedendun12³
1778 2355 1949 2395 Licinio

95 2422 344 2476 Sextioque
366 2425 552 2478 collegis
574 2426 934 2477 compararentffl.
994 2426 1209 2464 Tribunis
1231 2426 1351 2464 enim
1373 2437 1454 2475 per
1474 2423 1599 2475 leges
1629 2428 1831 2475 potestas
1853 2430 1948 2465 erat

140 2546 152 2568 1
171 2546 251 2579 The
269 2546 453 2588 principa]
471 2551 555 2588 part
572 2548 614 2580 of
635 2548 697 2580 his
714 2550 905 2589 property.
921 2567 963 2571 -
979 2547 994 2569 2
1012 2548 1106 2580 This
1124 2548 1215 2580 sarm
1233 2547 1280 2579 he
1299 2547 1381 2579 sold
1398 2549 1437 2579 at
1455 2546 1583 2587 public
1601 2546 1751 2578 auction
1773 2547 1950 2587 (literally

95 2587 123 2604 “-
137 2587 184 2619 he
203 2589 402 2628 subjected
420 2593 460 2621 to
478 2590 542 2622 the
561 2589 689 2630 public
707 2590 866 2627 crie1·'’).
879 2589 944 2613 —3
963 2590 1015 2621 Aa
1034 2590 1125 2629 long
1142 2598 1183 2621 as
1205 2589 1310 2621 [here
1325 2598 1403 2621 was
1420 2597 1494 2628 any
1511 2590 1692 2628 property
1710 2588 1780 2620 left
1797 2594 1837 2619 ro
1854 2589 1943 2620 him.

114 2629 246 2662 Which
275 2630 308 2662 is
334 2631 398 2662 the
423 2631 544 2663 litera]
569 2631 793 2664 translation
821 2631 862 2662 of
885 2631 963 2663 this
995 2631 1101 2670 place
1115 2632 1144 2672 51]
1167 2649 1206 2653 —
1224 2631 1238 2651 ⁴
1257 2631 1356 2662 That
1387 2631 1433 2661 he
1461 2630 1587 2661 would
1619 2638 1733 2661 never
1765 2631 1889 2661 suffer.
1908 2648 1950 2653 —-

127 2669 229 2714 Quod
245 2680 402 2712 reqnum
419 2675 611 2713 appeteret.
625 2673 667 2704 of
683 2673 843 2713 striving
862 2673 916 2704 for
931 2673 1034 2712 royal
1053 2682 1181 2713 power
1196 2672 1373 2712 (literally
1393 2672 1509 2703 “that
1526 2671 1572 2701 hc
1590 2674 1716 2702 strove
1734 2671 1826 2702 f01·”
1846 2672 1946 2708 etc).

93 2729 134 2737 -
149 2713 164 2734 ⁶
182 2712 295 2744 From
319 2714 500 2755 applying
524 2715 580 2746 sor
602 2723 675 2754 any
693 2714 820 2755 public
839 2714 960 2746 office.
975 2715 1042 2737 —⁷
1061 2715 1117 2746 Ne
1134 2714 1355 2751 obsisterent,
1376 2714 1473 2745 from
1498 2712 1687 2752 resisting.
1704 2731 1742 2734 —
1757 2713 1771 2733 ὅ
1789 2713 1894 2743 Thus
1918 2713 1950 2745 it

92 2752 305 2794 happened.
322 2774 362 2778 —
376 2757 390 2776 ⁹
410 2756 465 2787 To
492 2755 569 2787 this
598 2762 699 2788 must
727 2757 771 2787 be
797 2756 919 2788 added
939 2755 1030 2787 that.
1046 2757 1130 2779 -10
1149 2756 1204 2787 Το
1223 2763 1329 2786 come
1346 2755 1427 2786 into
1445 2757 1508 2786 the
1527 2754 1647 2785 hund>-
1673 2754 1714 2784 0s
1733 2754 1797 2784 the
1820 2754 1950 2786 Plebe-

92 2794 274 2826 iane—²1
294 2797 391 2828 Who
417 2806 514 2829 were
540 2802 608 2829 not.
624 2807 716 2829 even
744 2797 904 2829 acsisteu
932 2796 982 2835 by
1008 2797 1107 2828 their
1133 2806 1220 2828 own
1246 2796 1508 2837 magistrates;
1534 2795 1718 2835 litcrally:
1745 2795 1950 2842 Toyvhorn

93 2839 162 2868 not
185 2846 279 2869 even
305 2839 405 2871 their
429 2847 514 2871 own
543 2840 785 2873 magistrates
812 2848 910 2871 were
938 2842 958 2853 ··
974 2840 1012 2869 to
1038 2847 1058 2869 a
1085 2838 1213 2878 l1‹=lp.''
1262 2838 1332 2870 See
1348 2838 1365 2878 ξ
1383 2838 1455 2868 221.
1472 2837 1558 2860 --12
1576 2837 1658 2868 Hau
1685 2836 1886 2876 ‹lospalred
1911 2836 1954 2868 of

94 2877 192 2910 their
208 2879 416 2912 condition.
434 2880 514 2904 -13
534 2881 592 2912 All
612 2881 674 2912 the
694 2881 868 2921 previous
887 2882 1086 2919 puyments
1103 2881 1143 2911 os
1160 2880 1361 2912 interes-ts:
1387 2878 1568 2916 lit‹·1·ally:
1590 2878 1647 2909 All
1665 2878 1746 2910 that
1764 2879 1833 2909 had
1853 2878 1950 2910 been

93 2919 181 2958 pald
200 2920 248 2959 by
264 2921 328 2952 the
347 2930 455 2953 name
472 2923 515 2953 os
533 2922 704 2956 interest.
717 2922 802 2946 --14
828 2922 958 2962 Caput.
976 2921 1039 2953 the
1056 2921 1239 2961 principa]
1262 2920 1440 2960 (capital).
1458 2919 1546 2943 -15
1560 2918 1606 2952 M
1621 2921 1720 2958 (morl
1735 2922 1947 2959 superesset,

94 2959 158 2992 the
174 2960 340 2995 balance.
353 2981 394 2986 -
407 2964 439 2984 ¹⁶
457 2963 606 2995 within
626 2965 734 2996 three
752 2972 873 3003 years.
887 2981 928 2986 --
942 2963 971 2984 ¹⁷
992 2964 1047 2994 On
1067 2964 1132 2995 the
1150 2962 1330 2994 relations
1345 2962 1462 2992 osthe
1477 2960 1604 3001 public
1622 2961 1741 2992 lancis.
1755 2979 1795 2984 -
1809 2962 1841 2983 1⁸
1860 2961 1950 2993 Lcst

93 3008 254 3042 anyonc.
268 3021 308 3026 —
321 3005 353 3025 ¹⁹
371 3005 455 3043 Any
473 3005 650 3037 election.
663 3025 704 3030 —
716 3006 750 3027 20
769 3005 911 3037 Should
928 3005 975 3036 be
992 3004 1091 3036 held.
1104 3004 1187 3028 —21
1203 3005 1266 3036 Ad
1281 3003 1584 3036 intercedendum
1601 3002 1760 3042 Licinio,
1779 3005 1818 3034 to
1835 3002 1951 3034 inter-

97 3043 192 3117 ἒέᾱιῖ
204 3044 413 3118 (ituterpose
430 3046 530 3079 their
545 3048 648 3088 veto)
665 3047 815 3090 against
832 3046 1017 3079 Licinius.
1029 3046 1115 3069 —22
1140 3045 1184 3079 Ut
1207 3046 1371 3079 tribunos
1385 3043 1659 3086 compararent,
1678 3044 1721 3076 of
1739 3045 1883 3086 setting
1902 3051 1952 3084 up

142 3093 161 3116 e
195 3093 225 3117 ri
254 3094 362 3121 unes,
