2200 3519
216 230 317 283 172
717 245 879 281 LIBER
911 244 968 293 11,
1000 239 1066 280 39.
1086 237 1155 281 40.
1239 233 1310 295 [A.
1349 243 1400 280 U.
1433 232 1555 294 549]

213 384 346 428 sium.
369 387 581 436 congesta
617 388 786 424 temere
821 398 877 424 ex
909 384 1047 437 agris¹
1078 385 1270 426 materia
1290 385 1579 433 exaedificata,
1603 385 1756 437 lignea
1787 386 1931 425 ferme
1961 389 2055 425 tota

214 455 354 492 erant.
419 452 580 502 Scipio,
610 465 752 502 quum
787 457 917 492 nocte
941 453 1054 492 clam
1089 453 1145 492 ad
1178 453 1379 493 hostium
1417 458 1576 500 castra,
1611 465 1709 503 quae
1749 458 1922 503 septem
1957 454 2055 493 fere

212 520 358 558 millia
379 532 596 569 passuum
619 520 820 567 aberant,
837 521 1113 568 accessisset,
1139 521 1267 572 ignes
1287 521 1334 559 in
1355 522 1585 571 proximas
1609 532 1731 561 casas
1751 521 1881 572 injici
1900 522 2050 573 jussit.

214 587 478 626 Incendium
498 589 606 626 totis
624 600 670 627 se
687 587 863 627 castris2
883 589 1112 639 extemplo
1132 589 1386 639 dissipavit.
1439 588 1617 636 Hostes,
1638 588 1881 627 fortuitum
1903 589 2055 640 ignem

213 656 299 694 rati
320 668 430 702 esse,
456 668 597 706 quum
620 657 716 695 sine
736 657 874 695 armis
897 656 952 694 ad
974 657 1349 708 restinguendum
1372 656 1632 695 incendium
1655 661 1982 704 concurrerent,
2006 657 2054 695 in

210 727 408 763 armatos
429 724 624 763 incidere
645 723 883 764 Romanos.
942 724 1108 776 Ingens
1130 725 1270 763 caedes
1301 725 1423 763 facta
1444 728 1526 771 est,
1552 727 1596 762 et
1616 736 1782 775 magna
1808 724 2054 764 multitudo

211 792 307 842 igni
336 792 587 842 absumpta.
651 792 959 843 Quadraginta
989 793 1133 831 millia
1162 793 1364 832 hostium
1394 805 1447 831 ea
1475 798 1603 831 nocte
1634 793 1804 843 perisse
1825 792 2050 833 dicuntur.

211 859 272 898 At
305 858 491 910 Syphax
523 864 567 898 et
599 859 870 908 Hasdrubal,
896 873 1011 899 novo
1032 861 1234 900 exercitu
1270 861 1456 911 triginta
1490 860 1688 898 millium
1723 860 1922 899 militum
1956 873 2054 899 con-

211 931 367 974 tracto,
387 931 602 978 quattuor
631 928 836 967 millibus
865 941 1084 978 passuum
1105 928 1161 967 ab
1183 929 1293 968 urbe
1316 928 1448 967 Utica
1469 928 1515 966 in
1537 928 1717 978 Campis
1737 927 1930 979 Magnis,
1955 941 2054 979 quae

211 993 520 1042 vocabantur³,
547 999 690 1035 castra
720 1000 979 1046 posuerunt.
1043 996 1109 1034 Eo
1140 995 1287 1047 Scipio
1309 997 1560 1035 exercitum
1591 995 1794 1045 deduxit,
1819 995 2054 1047 hostisque

211 1063 352 1103 atroci
372 1063 531 1113 proelio
553 1063 674 1102 fudit
695 1064 979 1115 fugavitque.

267 1157 356 1197 XL.
393 1157 655 1210 Carthagini
686 1159 847 1210 ingens
878 1163 1021 1198 terror
1053 1163 1161 1200 erat.
1225 1160 1477 1199 Credebant
1508 1161 1641 1208 cives,
1684 1159 1953 1212 Scipionem,
1974 1161 2053 1212 qui

211 1225 426 1264 finitimas
448 1226 581 1265 urbes
599 1227 807 1277 deinceps
826 1228 1152 1279 expugnabat&
1177 1229 1323 1279 ipsam
1340 1228 1660 1279 Carthaginem
1680 1233 1865 1280 repente
1882 1242 2050 1281 expug-

210 1293 456 1333 nati-irum?
519 1294 678 1344 Itaque
714 1295 955 1334 Poenorum
989 1301 1172 1335 senatus
1204 1296 1377 1348 legatos
1409 1297 1465 1335 ad
1494 1297 1795 1336 Hannibalem
1824 1298 1948 1338 misit
1971 1299 2050 1348 qui

211 1374 315 1400 eum
337 1374 439 1400 cum
461 1363 665 1401 exercitu
686 1363 732 1400 in
754 1361 959 1402 Africam
982 1368 1025 1402 et
1048 1365 1239 1414 patriam
1270 1364 1603 1403 defendendam
1637 1363 1906 1405 avocarenff.
1969 1364 2054 1405 Hic

212 1433 395 1470 senatus
416 1431 608 1481 imperio
628 1432 794 1480 paruit,
816 1434 859 1470 et
882 1432 1114 1482 extemplo
1135 1433 1385 1471 exercitum
1406 1433 1600 1472 navibus
1621 1433 1669 1471 in
1689 1432 1891 1472 Africam
1911 1441 2052 1473 trans-

210 1498 349 1537 vexit.
412 1498 528 1537 Raro
550 1511 827 1549 quemquam
856 1499 999 1538 alium
1028 1500 1221 1550 patriam
1243 1499 1393 1539 exsilii
1415 1500 1566 1540 causa⁷
1598 1500 1930 1551 relinquentem
1959 1505 2054 1540 tam

211 1569 419 1605 maestum
448 1566 595 1606 abisse
618 1565 793 1605 16111111Β
814 1579 950 1617 quam
981 1566 1299 1615 Hannibalem,
1324 1571 1452 1607 sexto
1474 1568 1645 1606 decimo
1666 1580 1796 1615 anno,
1821 1567 1976 1619 quam⁹
2006 1569 2054 1608 in

211 1633 392 1674 Italiam
426 1638 623 1682 venerat,
650 1634 850 1674 hostium
892 1640 1012 1674 terra
1042 1636 1345 1676 excedentem.
1410 1635 1535 1686 Saepe
1557 1635 1697 1675 Italiae
1727 1636 1881 1675 littora
1910 1649 2055 1688 respe-

211 1703 331 1743 xisse
352 1703 530 1750 dicitur,
558 1707 602 1742 et
633 1715 680 1743 se
710 1703 861 1753 ipsum
892 1708 1153 1742 exsecratus
1175 1715 1287 1750 esse,
1308 1703 1460 1754 (1110(11υ
1497 1716 1586 1743 11011
1608 1708 1846 1743 6111611111111
1867 1705 1923 1744 ab
1944 1705 2052 1745 Can-

210 1771 340 1810 nensi
361 1772 549 1810 victoria
569 1770 793 1809 militem¹¹
827 1771 1014 1810 Romam
1035 1771 1254 1810 duxisset.
1312 1771 1381 1809 Ad
1401 1770 1732 1812 Hadrumetum
1754 1773 2004 1812 exercitum
2025 1785 2049 1812 e

210 1839 403 1878 navibus
425 1839 594 1877 eduxit.
657 1838 829 1877 Deinde
851 1839 1028 1889 magnis
1057 1839 1296 1878 itineribus
1326 1838 1507 1876 Zamam
1529 1839 1772 1887 contendit,
1792 1839 1913 1890 quod
1932 1840 2053 1891 oppi-

210 1906 320 1945 dum
340 1907 541 1957 quinque
562 1907 739 1946 dierum
760 1905 878 1945 116112
899 1919 924 1945 a
946 1906 1219 1958 Carthagine
1240 1907 1379 1946 abest.
1446 1906 1555 1946 Inde
1578 1908 1791 1946 nuntium
1812 1907 1868 1946 ad
1891 1907 2053 1958 Scipio-

209 1987 313 2014 nem
333 1976 456 2014 misit
478 1974 560 2014 ut¹³
583 1975 867 2025 colloquendi
898 1987 1050 2014 secum
1079 1978 1353 2025 potestatem
1383 1974 1605 2014 faceret14.
1663 1975 1780 2014 Tum
1811 1975 1957 2026 Scipio
1977 1988 2051 2014 ex-

210 2045 400 2084 ercitum
421 2043 604 2081 Zamam
621 2055 779 2083 versus
800 2042 947 2090 duxit,
963 2048 1006 2081 et
1029 2042 1150 2081 haud
1171 2042 1328 2093 procul
1349 2041 1614 2093 Naraggara
1633 2042 1745 2081 urbe
1763 2047 1906 2082 castra
1929 2043 2050 2083 fecit.

209 2111 437 2151 Hannibal
457 2112 504 2150 in
524 2110 702 2150 tumulo
723 2115 917 2161 quatuor
936 2110 1143 2149 millibus
1172 2122 1392 2160 passuum
1422 2121 1448 2148 a
1479 2108 1686 2160 Scipione
1708 2114 1853 2150 castra
1881 2111 2046 2161 posuit.

208 2179 314 2218 Pari
345 2180 441 2218 fere
476 2179 718 2217 intervallo
739 2191 764 2217 a
786 2178 965 2217 duobus
998 2178 1156 2217 castris
1186 2178 1312 2217 locus
1341 2177 1398 2216 ad
1432 2177 1708 2228 colloquium
1742 2178 1943 2218 delectus
1965 2182 2046 2219 est.

209 2246 277 2286 Ibi
307 2259 410 2286 cum
440 2247 634 2298 singulis
666 2245 1028 2297 interpretibus¹⁵
1056 2245 1285 2296 congressi
1317 2249 1438 2293 sunt,
1463 2258 1552 2284 non
1584 2243 1711 2285 suae¹⁶
1743 2245 1875 2285 modo
1904 2247 2051 2286 aetatis

208 2315 395 2353 maximi
416 2313 605 2361 duces¹⁷,
631 2314 709 2353 sed
729 2315 876 2353 omnis
897 2318 1001 2353 ante
1024 2326 1070 2354 se
1091 2311 1369 2353 memoriae¹⁸.
1430 2312 1701 2363 Paullisper,
1726 2313 1840 2352 alter
1861 2313 2051 2354 alterius

209 2382 506 2432 eonspectuw,
541 2381 837 2420 admiratione
867 2385 1030 2420 mutua
1059 2393 1202 2431 prope
1230 2380 1425 2427 attoniti,
1461 2380 1725 2419 conticuere.
1788 2380 1903 2419 Tum
1934 2380 2051 2419 Han-

209 2449 333 2488 nibal
364 2449 543 2488 disertis
574 2450 724 2488 verbis
758 2461 916 2499 pacem
952 2449 1083 2498 petiit
1112 2461 1138 2486 a
1176 2447 1397 2498 Scipione,
1431 2448 1495 2485 ita
1527 2451 1576 2485 ut
1608 2446 1775 2495 Sicilia,
1809 2447 2045 2499 Hispania,

210 2516 400 2556 ceterae²⁰
423 2529 577 2555 omnes
599 2521 727 2555 terrae
750 2515 1106 2563 Romanorumv,
1127 2519 1171 2554 et
1193 2516 1287 2554 sola
1301 2515 1456 2553 Africa
1477 2515 1719 2553 Poenorum
1735 2519 1864 2554 esset.
1927 2515 2049 2555 Post-

209 2597 345 2634 quam
369 2583 516 2635 Scipio
530 2583 613 2623 has
631 2583 909 2624 conditiones
922 2584 1108 2634 respuit,
1126 2584 1300 2622 infecta
1320 2581 1460 2633 pace²²
1483 2595 1538 2621 ex
1555 2583 1776 2633 colloquio
1792 2583 2041 2623 discedunt.

253 2725 264 2745 ¹
282 2724 396 2756 From
415 2724 478 2755 the
495 2723 779 2763 neighhorhood
798 2722 973 2762 (literaliy
991 2724 1012 2738 “
1024 2723 1121 2754 from
1145 2722 1210 2754 the
1227 2721 1334 2753 fiolds
1347 2721 1476 2762 '').—²
1494 2722 1536 2754 R.
1559 2722 1629 2753 1⁴23.
1642 2721 1708 2744 -3
1726 2722 1770 2753 In
1789 2721 1851 2753 the
1868 2720 2047 2753 so-called

209 2765 326 2805 Largo
349 2764 486 2796 Fields.
500 2766 564 2787 —4
583 2765 600 2804 ἓ
617 2765 687 2803 335,
707 2766 726 2797 3
750 2765 816 2787 -5
834 2764 851 2804 g
869 2765 940 2796 200.
954 2782 992 2785 —
1005 2764 1018 2783 ὅ
1038 2764 1052 2798 ἕ
1071 2764 1143 2803 378,
1162 2764 1192 2796 3.
1205 2782 1244 2786 -
1257 2764 1270 2784 ⁷
1290 2763 1361 2795 For
1383 2762 1497 2804 going
1519 2762 1601 2795 into
1625 2762 1736 2794 exile.
1749 2761 1814 2784 —3
1830 2762 1986 2801 Ferant,
2012 2762 2048 2794 It

209 2807 242 2837 is
266 2806 347 2838 said
373 2806 548 2845 (literally
567 2806 687 2844 “they
704 2806 892 2845 report'').
906 2805 973 2828 —9
994 2805 1036 2837 R.
1057 2807 1126 2837 141.
1142 2823 1180 2828 —-
1194 2805 1225 2825 1⁰
1250 2805 1353 2845 5391.
1369 2805 1453 2828 —11
1471 2804 1541 2835 His
1565 2804 1724 2836 soldiers
1749 2803 1849 2834 fresh
1875 2802 2047 2843 (literally

212 2847 433 2886 ιι1)]00(ἰ)(”)
458 2847 554 2878 from
580 2847 644 2878 the
663 2847 807 2886 victory
824 2847 864 2877 of
889 2847 1036 2878 Cannae.
1061 2865 1089 2869 -
1103 2846 1134 2867 ¹²
1155 2847 1180 2877 Α
1201 2846 1272 2877 five
1297 2846 1401 2885 days'
1426 2845 1660 2877 maren—¹³
1681 2844 1783 2876 With
1807 2845 1870 2875 the
1894 2846 2047 2883 request

208 2891 259 2920 to.
273 2907 312 2911 -
325 2889 357 2910 ¹⁴
376 2889 432 2919 To
448 2892 554 2927 grant
572 2888 648 2919 him
666 2897 712 2919 an
730 2888 929 2919 interview
946 2887 1118 2926 (literally
1138 2888 1158 2903 ‘⁴
1171 2887 1251 2918 that
1268 2887 1312 2918 he
1334 2887 1454 2927 might
1470 2887 1554 2926 give
1572 2885 1648 2917 him
1665 2885 1890 2925 permission
1905 2884 1947 2915 os
1960 2893 2047 2916 con-

211 2929 349 2967 forring
381 2929 473 2960 with
514 2929 590 2960 him
604 2929 654 2967 '').
667 2947 707 2951 —
720 2929 752 2950 1⁵
786 2929 884 2960 Each
915 2929 1004 2959 with
1044 2936 1115 2959 one
1152 2928 1385 2967 interpreter.
1434 2928 1504 2959 See
1535 2927 1553 2967 g
1582 2928 1633 2958 91.
1646 2945 1686 2949 —
1699 2927 1730 2948 1⁸
1749 2927 1865 2958 Their
1894 2934 1992 2958 own.
2005 2944 2046 2949 ——-

213 2970 240 2990 ¹⁷
262 2970 366 3010 5303.
380 2989 419 2993 -
433 2972 464 2991 ¹⁸
482 2971 554 3002 But
571 2971 610 3000 os
630 2970 676 3001 all
696 2971 760 3001 the
778 2970 868 3000 time
885 2969 1012 3000 before
1028 2970 1129 3001 them
1147 2978 1188 3000 as
1206 2969 1263 3000 far
1279 2978 1319 3000 as
1334 2969 1482 3000 records
1499 2977 1544 3007 go
1562 2967 1737 3007 (literally
1757 2969 1777 2983 “
1790 2968 1830 2998 of
1846 2967 1909 2999 the
1924 2967 2047 2999 whole

212 3020 377 3049 10611101)Γ
400 3011 528 3043 before
555 3012 718 3051 them'').
734 3012 815 3034 —19
837 3011 940 3042 Alter
963 3011 1116 3043 alferius
1139 3011 1338 3049 conspectu,
1366 3010 1475 3041 when
1502 3009 1590 3049 they
1614 3010 1694 3040 first
1720 3008 1859 3040 looked
1888 3010 1926 3039 at
1953 3009 2045 3039 each

210 3052 320 3124 011161·
337 3052 512 3124 (1111611111γ
533 3053 629 3084 “the
656 3060 726 3085 one
751 3055 790 3084 at
813 3052 876 3084 the
905 3051 1008 3092 sight
1024 3052 1065 3084 os
1085 3052 1150 3083 the
1167 3051 1412 3091 other.'')—²⁰
1430 3050 1448 3091 5
1464 3052 1536 3083 373.
1549 3049 1631 3073 —·²¹
1651 3049 1802 3090 §217.—
1818 3050 1852 3070 ²²
1873 3049 2045 3082 without

209 3100 301 3124 conc
321 3102 356 3124 11(
371 3102 435 3132 ing
459 3101 583 3133 peace.
