2200 3519
564 219 733 258 LIBER
769 219 805 268 1,
843 214 990 256 29-31.
1069 205 1138 273 [A.
1178 220 1231 258 U.
1272 215 1365 258 244.
1400 209 1523 272 245]
1864 210 1968 263 129

119 359 242 412 apud
265 358 501 411 populum.
564 358 661 399 Hac
681 359 938 410 suspicione
960 362 1005 398 et
1024 359 1238 410 precibus
1272 359 1404 399 Bruti
1425 363 1688 407 commotus,
1711 358 1966 399 Collatinus

118 441 166 470 se
197 428 439 468 consulatu
460 428 700 475 abdicavit,
724 431 768 467 et
798 427 1041 467 Lavinium
1071 427 1333 467 habitatum
1368 429 1598 469 concessit.
1660 428 1863 479 Populus
1894 428 1966 467 de-

117 497 222 536 inde
241 498 380 549 jussit
401 502 453 536 ut
474 495 646 536 omnes'
688 496 945 547 Tarquiniae
975 497 1125 546 gentis
1155 497 1339 536 exsules
1369 500 1532 536 essent.
1595 496 1798 536 Comitiis
1820 500 1971 536 centu-

117 566 245 605 riatis
267 565 460 605 Publius
481 564 693 604 Valerius
715 565 953 604 Publicola
974 565 1131 605 consul
1151 565 1200 604 in
1221 565 1434 605 Collatini
1455 566 1604 605 locum
1626 569 1815 606 creatur.

116 657 302 691 PRESENT
341 665 492 689 srs'rmr
521 664 683 689 PAssxvn
714 664 764 688 013·
793 664 959 696 sncom),
993 664 1122 688 'rnnm
1153 664 1236 689 AND
1263 664 1428 689 Fomz’rn
1455 665 1763 690 CONJUGATIONS.
1835 655 1967 693 (Learn

269 699 466 740 paradigm
482 699 522 730 of
540 700 603 731 the
620 698 781 739 passive,
801 698 819 739 5
837 699 908 738 116,
927 706 963 738 p.
981 699 1022 731 36
1039 698 1131 737 foll„
1149 701 1224 731 and
1241 698 1305 731 the
1322 700 1473 739 passive
1491 700 1532 730 of
1547 699 1665 740 capio,
1683 707 1719 739 p.
1737 698 1806 739 47.)

171 769 312 810 XXX.
348 770 445 809 Rex
482 769 759 820 Tarquinius
794 769 971 821 legatos
1002 768 1194 808 Romam
1229 770 1355 809 misit
1390 770 1470 821 qui
1500 770 1678 820 privata
1707 770 1829 821 regis
1849 769 1968 809 bona

116 837 404 891 repeterent2.
465 836 624 877 Erant³
648 842 747 876 tum
775 837 927 877 Romae
948 838 1158 877 nonnulli
1179 838 1354 878 nobiles
1375 839 1468 889 qui,
1493 839 1665 878 assueti
1694 851 1818 877 more
1839 838 1967 890 regio

115 909 284 955 vivere,
309 919 475 945 novam
497 906 756 945 libertatem
785 910 1065 957 spernerent,
1088 910 1132 945 et
1163 907 1218 946 de
1239 906 1489 958 Tarquinio
1519 906 1829 947 restituendo⁴
1852 906 1967 946 clam

115 977 234 1016 inter
265 988 312 1016 se
350 975 536 1014 consilia
570 978 835 1014 tractarent.
900 974 952 1013 In
987 974 1061 1015 his
1093 979 1222 1014 erant
1242 975 1423 1014 Vitellii
1454 976 1633 1024 fratres,
1660 975 1839 1026 cognati
1861 974 1966 1013 Tar-

115 1045 395 1096 quiniorum,
416 1055 610 1094 quorum
632 1055 756 1082 soror
775 1043 918 1082 Bruto
940 1043 1115 1083 consuli
1145 1048 1290 1094 nupta
1312 1051 1423 1084 erat.
1481 1043 1582 1083 Duo
1600 1044 1730 1083 Bruti
1751 1055 1807 1082 ex
1827 1043 1968 1082 Vitel-

117 1112 198 1153 lia⁵
231 1113 314 1152 filii
347 1112 403 1151 ab
431 1112 672 1151 avunculis
694 1112 790 1151 suis
810 1112 858 1150 in
880 1112 1142 1152 societatem
1165 1113 1459 1152 consiliorum
1480 1112 1766 1151 adhibentur.
1830 1109 1889 1149 Hi
1910 1111 1966 1150 ab

115 1182 285 1234 legatis
307 1181 546 1231 Tarquinii
568 1181 926 1231 temptabantur,
947 1181 1341 1231 monebanturque
1369 1185 1420 1220 ut
1448 1181 1544 1232 regi
1574 1180 1799 1219 auxihum
1830 1192 1966 1219 suum

113 1251 450 1303 pollicerentur.
515 1248 664 1296 Quum
703 1253 889 1288 senatus
924 1249 1199 1289 decrevisset
1234 1254 1286 1288 ut
1321 1249 1567 1299 Tarquinio
1587 1249 1704 1288 bona
1733 1247 1965 1287 redderen-

113 1324 203 1367 tur,
239 1319 381 1371 legati
411 1318 556 1369 pridie
592 1330 729 1368 quam
761 1317 946 1357 domum
983 1317 1389 1369 proficiscerentur,
1430 1316 1551 1368 apud
1582 1316 1794 1356 Vitellios
1824 1321 1963 1355 coena-

113 1388 237 1428 bant.
301 1388 411 1426 Post
433 1399 606 1426 coenam
639 1386 797 1425 arbitri
828 1391 1135 1435 removentur,
1162 1387 1480 1438 conjuratique
1510 1386 1652 1425 libere
1683 1386 1802 1424 inter
1831 1397 1878 1425 se
1909 1384 1965 1423 de

114 1457 364 1508 Tarquinio
385 1455 671 1495 restituendo
694 1455 1031 1506 colloquuntur.
1081 1455 1306 1496 Convenit
1327 1456 1447 1494 inter
1469 1468 1544 1495 eos
1567 1454 1634 1494 ut⁶
1657 1455 1821 1493 litterae
1841 1453 1963 1504 lega-

113 1526 171 1565 tis
194 1517 427 1571 darentur,
448 1525 496 1563 in
517 1523 685 1574 quibus
707 1523 775 1562 illi
797 1524 895 1575 regi
918 1523 1165 1575 Tarquinio
1186 1524 1321 1563 fidem
1343 1536 1472 1563 suam
1503 1524 1771 1575 obligarent.
1830 1522 1964 1561 Forte

113 1606 233 1634 unus
268 1606 323 1633 ex
359 1593 502 1632 servis
537 1596 791 1632 sermonem
825 1596 984 1631 eorum
1019 1597 1274 1643 exceperat,
1295 1596 1340 1632 et
1375 1593 1532 1632 statim
1561 1604 1656 1631 rem
1677 1591 1733 1630 ad
1755 1590 1964 1631 consules

113 1662 293 1703 detulit.
357 1662 519 1713 Legati
550 1673 576 1699 a
599 1661 862 1700 consulibus
885 1660 1345 1711 comprehenduntur,
1372 1665 1415 1700 et
1437 1661 1599 1699 litterae
1622 1660 1964 1711 conjuratorum

113 1732 235 1783 apud
257 1744 332 1771 eos
353 1731 668 1770 inveniuntur.
727 1728 779 1767 In
797 1733 959 1769 senatu
975 1729 1208 1769 decretum
1225 1729 1280 1768 de
1294 1729 1424 1769 bonis
1441 1729 1793 1779 Tarquiniorum
1811 1727 1965 1767 statim

112 1800 396 1840 rescinditur.
459 1798 621 1838 Omnia
649 1798 769 1837 bona
799 1798 920 1849 regis
950 1797 1073 1848 plebi
1096 1797 1473 1845 distribuuntur‚⁷
1496 1801 1541 1836 et
1567 1809 1676 1849 ager
1699 1796 1945 1846 Tarquinio

113 1881 227 1918 rum,
250 1869 330 1919 qui
351 1868 471 1906 inter
492 1867 652 1906 urbem
682 1879 733 1905 ac
764 1866 965 1905 Tiberim
998 1867 1103 1913 fuit,
1124 1866 1262 1905 Marti
1298 1870 1599 1905 consecratur.
1662 1865 1875 1917 Hicager
1896 1865 1969 1903 de-

113 1937 216 1977 inde
238 1936 437 1986 Campus
461 1935 652 1974 Martius
675 1934 935 1985 appellatus
957 1938 1037 1974 est.
1092 1934 1329 1987 Conjur'ati
1352 1946 1523 1981 omnes,
1549 1935 1596 1972 in
1616 1933 1688 1973 his
1709 1933 1841 1972 Bruti
1862 1934 1966 1983 ipsi—

112 2019 166 2045 us
188 2005 284 2051 filii,
299 2004 539 2043 voluntate
560 2007 605 2042 et
623 2007 867 2052 conspectu
888 2003 1045 2053 patris,
1061 2003 1203 2054 virgis
1227 2003 1462 2042 caeduntur
1480 2006 1524 2040 et
1546 2002 1694 2042 securi
1715 2002 1959 2041 feriuntur.

110 2100 294 2133 PERFECT
312 2105 478 2137 srs‘rmr,
493 2105 609 2130 mns‘r
623 2104 913 2129 CONJUGATION.
941 2096 1075 2138 (Study
1088 2097 1210 2138 §513st
1225 2097 1296 2136 131,
1310 2097 1383 2129 and
1395 2096 1459 2128 the
1469 2095 1593 2128 active
1603 2095 1646 2127 of
1661 2095 1725 2128 the
1737 2095 1963 2136 paradigni.)

169 2166 334 2206 XXXI.
371 2166 543 2204 Eodem
564 2177 682 2203 anno
705 2164 980 2215 Tarquinius
1003 2177 1106 2203 cum
1128 2165 1330 2204 exercitu
1350 2163 1616 2215 Vejentium
1648 2175 1699 2202 ac
1728 2163 1963 2213 Tarquini-

115 2237 295 2275 ensium
316 2247 479 2286 agrum
502 2233 758 2272 Romanum
780 2233 961 2272 invasit.
1025 2231 1195 2272 Brutus
1218 2237 1262 2271 et
1281 2232 1494 2272 Valerius
1516 2231 1723 2271 consules
1756 2230 1965 2270 hostibus

112 2316 215 2343 cum
237 2303 439 2342 exercitu
462 2301 664 2340 Romano
685 2301 864 2340 obviam
880 2302 1042 2340 ierunt.
1106 2301 1319 2340 Hostium
1337 2301 1562 2352 equitatui
1579 2303 1784 2351 praeerat
1800 2299 1961 2345 Aruns,

111 2372 347 2423 Tarquinii
368 2370 504 2409 filius.
568 2369 626 2417 Is,
652 2382 796 2420 quum
828 2369 1022 2408 Brutum
1045 2370 1092 2408 in
1114 2370 1261 2420 prima
1281 2370 1374 2408 acie
1397 2368 1591 2408 Romani
1613 2368 1839 2407 exercitus
1864 2379 1962 2406 con-

112 2441 318 2492 spiceret,
345 2438 589 2478 concitavit
612 2450 796 2488 equum,
824 2442 867 2477 et
902 2439 1129 2488 impetum
1162 2439 1208 2477 in
1244 2450 1348 2477 eum
1382 2438 1503 2476 fecit.
1568 2437 1713 2475 Ambo
1748 2436 1884 2474 duces
1915 2448 1962 2475 se

111 2508 282 2560 parmis
305 2507 441 2547 simul
463 2505 764 2558 transfigunt,
786 2510 830 2545 et
862 2506 1121 2545 moribundi
1151 2519 1206 2546 ex
1237 2507 1367 2557 equis
1387 2506 1504 2556 lapsi
1536 2509 1654 2544 sunt.
1718 2504 1817 2542 Duo
1839 2516 1961 2542 exer-

112 2579 227 2617 citus
248 2577 338 2615 acri
361 2576 606 2615 certamine
627 2574 682 2613 ad
705 2579 883 2614 noctem
916 2587 1059 2626 usque
1089 2588 1217 2626 aequo
1246 2574 1392 2614 Marte
1423 2576 1758 2626 pugnaverunt.
1820 2571 1960 2610 Nocte

111 2650 263 2685 tamen
282 2644 436 2684 hostes
458 2644 709 2682 exercitum
732 2656 866 2682 suum
887 2643 1194 2691 abduxerunt,
1210 2648 1254 2682 et
1270 2643 1480 2682 Valerius
1499 2641 1654 2681 consul
1672 2639 1962 2690 triumphans

112 2713 299 2752 Romam
336 2713 482 2753 rediit.
546 2712 710 2751 Paullo
731 2716 834 2762 post
868 2712 915 2750 in
938 2711 1176 2750 Valerium
1209 2712 1405 2761 suspicio
1436 2710 1583 2761 plebis
1617 2713 1713 2747 orta
1749 2713 1831 2754 est,
1856 2707 1963 2757 quia

111 2794 256 2833 neque
279 2781 500 2832 collegam
522 2782 570 2820 in
592 2781 724 2819 Bruti
745 2781 895 2819 locum
918 2780 1261 2830 subrogaverat,
1278 2783 1321 2818 ct
1343 2779 1526 2817 domum
1548 2778 1593 2815 in
1617 2780 1796 2816 summ-5.
1816 2773 1959 2820 Velia,

110 2854 342 2900 tamquam
366 2851 409 2889 in
432 2862 532 2889 arce
554 2850 694 2901 regia„
715 2848 979 2888 aedificabat.
1038 2847 1248 2886 Valerius
1281 2848 1433 2886 statim
1456 2857 1635 2884 omnem
1656 2843 1891 2882 materiem
1913 2842 1961 2880 in

152 2975 163 2994 ¹
183 2973 243 3004 All
262 2973 326 3005 the
343 2973 532 3005 members
549 2973 590 3004 os
610 2972 674 3004 the
692 2970 925 3012 Tarquinian
944 2969 1085 3010 family.
1097 2969 1164 2993 —2
1188 2968 1256 3013 Qui
1272 2969 1365 3001 bona
1382 2968 1593 3008 repelarent,
1614 2967 1698 2998 who
1716 2974 1815 2997 were
1832 2966 1872 2997 to
1889 2964 1959 2997 ask

110 3013 168 3045 {or
185 3015 248 3046 the
266 3015 496 3046 restoration
515 3015 557 3046 of
577 3015 640 3046 the
658 3018 849 3053 property.
863 3030 903 3035 -
915 3012 929 3033 ³
948 3012 1069 3043 There
1085 3020 1195 3042 were.
1208 3012 1274 3034 ——4
1288 3011 1338 3042 De
1357 3009 1564 3050 slim-quinio
1579 3009 1819 3045 restituendo,
1839 3006 1960 3038 about

108 3054 310 3096 ‘rat-quin’s
334 3056 633 3087 reinstatement.
652 3073 691 3078 -—
705 3054 720 3074 ⁵
739 3054 799 3086 Ea:
824 3053 982 3091 Vitellia,
1002 3053 1127 3084 which
1151 3052 1198 3084 he
1223 3052 1295 3084 had
1312 3052 1405 3084 with
1423 3050 1591 3085 Vitellia.
1604 3050 1671 3074 -θ
1689 3049 1795 3091 They
1819 3047 1957 3089 agreed

108 3095 201 3129 that.
214 3097 279 3120 —⁷
301 3097 399 3130 Plebi
422 3098 656 3136 distribuere,
676 3099 716 3129 to
733 3095 935 3128 distribute
953 3103 1090 3135 among
1105 3095 1170 3126 the
1186 3093 1402 3126 Plebeians.
1655 3106 1661 3114 ι
