2200 3519
258 241 359 292 118
822 254 985 291 LIBER
1020 253 1056 303 1,
1095 250 1187 291 3-6.
1279 242 1349 304 [A.
1390 254 1440 291 U.
1494 238 1559 302 1.]

260 392 433 432 Amulii
463 391 519 430 ad
549 391 747 430 Tiberim
769 390 994 441 deportet-i
1025 394 1166 431 erant.
1227 390 1310 438 Ita,
1335 403 1479 442 quum
1507 391 1597 430 alia
1627 404 1808 442 quoque
1837 392 2099 432 testimonia

259 461 536 508 accederent,
555 459 679 497 haud
708 460 863 509 procul
895 464 991 498 erat
1023 460 1134 510 quin
1166 463 1428 511 agnosceret
1445 458 1457 480 ¹
1477 460 1684 508 Remum,
1710 472 1853 510 quum
1875 460 2099 499 Romulus

261 543 363 569 cum
394 531 526 571 sociis
557 531 652 569 suis
683 529 855 581 regiam
885 529 1070 567 adortus
1102 531 1181 567 est.
1241 528 1424 575 Remus,
1455 529 1609 568 statim
1640 528 1854 567 dimissus
1883 540 1910 567 a
1944 527 2101 567 Numi-

259 602 373 645 tere,
420 598 613 637 Romulo
653 598 880 637 auxilium
919 596 1042 643 tulit,
1088 600 1132 634 et
1173 596 1304 635 ambo
1343 608 1497 647 regem
1536 596 1774 635 Amulium
1812 596 2094 638 obtruncant.

259 666 450 706 Decreto
475 666 630 718 populi
650 678 841 717 regnum
863 664 1130 704 restitutum
1151 667 1219 704 est
1240 663 1485 704 Numiteri.

586 748 720 780 Tmm)
736 753 996 778 DECLENSION.
1045 745 1179 785 (Study
1196 744 1214 786 ἓ
1230 746 1287 784 39;
1305 745 1322 785 ς
1337 746 1390 783 45,
1408 744 1534 784 LIII„
1552 744 1625 777 and
1642 744 1685 777 R.
1705 745 1773 785 30.)

314 805 389 846 ΠΤ.
421 805 643 844 Romulus
666 809 710 844 et
732 805 904 843 Remus
926 803 1167 842 consilium
1202 806 1417 852 ceperunt
1440 801 1658 841 condendi
1680 803 1837 840 urbem
1860 802 1907 840 in
1929 815 1981 841 eo
1999 802 2098 842 loco

260 875 337 913 ubi
373 874 567 924 expositi
591 873 785 912 fuerant.
844 872 980 910 Multi
1003 869 1160 910 erant²
1182 870 1331 909 Latini
1367 874 1411 909 et
1447 870 1611 909 Alb-<ini
1631 871 1711 920 qui
1745 883 1790 909 se
1823 870 2099 910 ascriberent

259 954 386 981 novae
417 941 613 980 coloniae.
680 940 919 979 Certamen
940 941 1142 979 coertum
1164 942 1231 978 est
1253 939 1370 977 inter
1392 939 1571 985 fratres,
1597 943 1698 977 uter
1718 950 1843 977 novae
1873 938 1998 978 urbis
2019 950 2098 978 rex

258 1008 417 1049 fieret.³
477 1009 747 1049 statuerunt
777 1008 967 1048 deerum
997 1007 1282 1046 voluntatem
1312 1018 1392 1057 per
1421 1006 1613 1057 auguria
1643 1006 1872 1046 scisciteri.
1931 1005 2097 1045 Romu-

260 1077 333 1116 lus
369 1077 611 1126 Palatium,
638 1076 809 1116 Remus
830 1076 1111 1114 Aventinum
1134 1075 1251 1125 cepit
1274 1078 1324 1113 ut
1346 1073 1657 1113 observarent*
1687 1074 1819 1123 signa
1840 1077 1884 1112 et
1906 1074 2099 1126 auguria

258 1146 459 1185 deerum.
519 1145 724 1183 Primum
755 1145 896 1183 Remo
927 1156 1007 1184 sex
1029 1143 1238 1182 vultures
1259 1146 1582 1193 apparuerunt,
1609 1142 1687 1182 sed
1716 1143 1870 1193 paullo
1891 1147 1994 1193 post
2014 1143 2096 1182 du-

262 1214 367 1265 plex
401 1226 620 1253 numerus
650 1212 890 1252 vulturum
912 1225 959 1252 se
981 1212 1177 1251 ostendit
1198 1211 1404 1250 Romulo.
1467 1209 1526 1249 Et
1546 1210 1729 1249 Romuli
1759 1215 1804 1249 et
1835 1211 1966 1249 Remi
1987 1216 2096 1250 ami-

260 1281 328 1321 ci⁵
361 1283 594 1321 victoriam
624 1281 887 1321 tribuebant
918 1293 1000 1320 suo
1030 1280 1225 1330 quisque
1255 1277 1396 1318 duci.⁶
1454 1278 1607 1317 Primo
1627 1279 1779 1318 verbis
1810 1282 1853 1317 et
1884 1278 2098 1318 conviciis

259 1361 356 1388 sese
376 1348 666 1387 lacessebant.
730 1347 837 1386 Mox
859 1347 1207 1386 controversiam
1238 1345 1374 1385 armis
1395 1345 1686 1384 diremerunt.
1748 1344 1917 1384 Remus
1946 1344 2097 1396 lapide

259 1420 338 1455 aut
358 1416 449 1455 telo
479 1416 597 1454 ictus
627 1415 800 1455 cecidit.
862 1414 1007 1455 Morte
1029 1414 1159 1454 Remi
1187 1414 1432 1465 imperium
1461 1414 1638 1465 regium
1667 1413 1724 1452 ad
1754 1425 1898 1452 unum
1928 1413 2095 1452 Romu-

258 1484 356 1523 lum
376 1483 580 1523 delatum
602 1487 683 1523 est.

357 1562 495 1594 THIRD
519 1569 771 1594 nEcLENsioN
795 1567 1040 1593 CONTINUED.
1088 1559 1224 1599 (Study
1242 1559 1279 1600 ἐξ
1295 1559 1421 1598 40-44;
1448 1558 1527 1599 ς45,
1545 1558 1622 1595 IV:
1648 1559 1745 1600 §46;
1770 1559 1815 1591 R.
1835 1559 1887 1597 24,
1906 1557 2001 1600 soll.)

308 1619 362 1659 V.
395 1619 543 1667 Quum
566 1618 673 1658 urbs
695 1617 871 1656 condita
894 1621 937 1656 et
959 1616 1184 1657 moenibus
1206 1619 1384 1654 munita
1406 1619 1537 1661 esset,
1564 1615 1785 1655 Romulus
1818 1628 1916 1655 eam
1937 1628 1992 1654 ex
2015 1627 2096 1656 suo

255 1688 435 1727 nomine
457 1687 645 1725 Romam
676 1685 938 1736 appellavit.
1003 1684 1119 1723 Tum
1151 1685 1348 1735 insignia
1380 1684 1505 1735 regia
1537 1684 1744 1734 sumpsit,
1768 1684 1816 1722 in
1835 1683 1908 1723 his
1937 1683 2097 1724 sellam
2134 1680 2136 1684 ’

255 1756 474 1802 curulem,
515 1758 560 1793 et
595 1754 831 1792 duodecim
866 1753 1061 1793 licteres.
1125 1752 1176 1791 Id
1215 1753 1388 1791 factum
1427 1756 1495 1792 est
1528 1764 1554 1791 a
1589 1752 1797 1799 Romulo,
1829 1756 1880 1790 ut
1911 1751 2096 1802 quidam

254 1828 431 1874 putant,
457 1823 563 1873 quia
585 1835 776 1873 regnum
796 1821 883 1860 hec
903 1833 1091 1860 numero
1112 1822 1267 1860 avium
1288 1821 1571 1860 obtinuisset.
1635 1819 1807 1859 Deinde
1828 1819 1953 1871 leges
1974 1819 2097 1859 dedit

254 1892 428 1932 civibus
459 1892 568 1938 suis,
595 1895 638 1929 et
663 1890 822 1929 collem
854 1889 1175 1940 Capitolinum,
1195 1889 1425 1940 adjectum
1455 1888 1571 1935 urbi,
1600 1900 1700 1927 arce
1731 1888 1940 1928 munivit.
2003 1886 2096 1926 Nu-

253 1973 429 2000 merum
447 1972 625 2010 quoque
643 1958 809 1998 civium
832 1964 998 2009 augere
1021 1957 1208 1997 studuit.
1272 1957 1430 2008 Itaque
1451 1958 1499 1996 in
1519 1961 1671 1996 monte
1688 1956 1896 1995 Palatino
1916 1956 2097 2009 asylum

253 2029 432 2080 aperuit
453 2028 663 2067 omnibus
685 2026 944 2065 hominibus
975 2026 1052 2076 qui
1082 2026 1129 2064 in
1160 2038 1322 2064 novam
1345 2026 1503 2064 urbem
1525 2026 1726 2076 migrare
1746 2024 1928 2064 vellent.
1992 2023 2099 2062 Cen-

253 2101 352 2136 tum
374 2096 543 2135 creevit
577 2099 822 2142 senateres‚
843 2098 893 2133 ut
914 2094 1100 2134 haberet
1123 2094 1361 2133 concilium
1393 2094 1638 2141 seniorum,
1663 2093 1741 2143 qui
1764 2105 1810 2132 se
1831 2091 2098 2131 auctoritate

252 2177 304 2204 ac
325 2164 566 2215 prudenti-Ji
587 2168 669 2204 sue
689 2163 762 2215 adj
773 2167 975 2202 uverent.

723 2240 726 2242 ’
843 2243 977 2275 TmRD
1000 2250 1249 2275 Dncmnsron
1272 2250 1497 2274 mzvmwm).

305 2301 381 2342 VI.
412 2301 589 2340 Interea
625 2312 801 2341 summa
835 2300 1081 2339 mulierum
1116 2300 1308 2350 penuria
1341 2298 1455 2337 erat⁷
1495 2298 1614 2336 inter
1648 2298 1760 2337 civis
1799 2309 1922 2336 novae
1954 2297 2092 2337 urbis.

251 2369 433 2409 Etenim
469 2370 674 2409 civitetes
709 2369 911 2407 finitimae
935 2367 1282 2407 contemnebant
1312 2378 1475 2405 novam
1506 2366 1738 2415 coloniam,
1763 2365 1931 2415 quippe
1953 2364 2097 2404 condi-

253 2442 344 2476 tam
385 2438 441 2476 ab
475 2437 735 2476 hominibus
770 2436 912 2475 infimi
951 2436 1174 2487 cujusque
1209 2432 1419 2486 generis⁸,
1459 2438 1502 2472 et
1536 2433 1784 2471 identidem
1821 2435 2098 2484 negaverant

253 2506 421 2545 colenis
459 2505 735 2544 connubium
772 2516 874 2543 cum
910 2503 1004 2543 suis
1034 2503 1228 2542 filiabus.
1287 2501 1478 2540 Rom-cini
1499 2513 1615 2552 aegre
1638 2501 1844 2540 ferebant
1864 2500 1981 2539 hanc
2000 2512 2098 2539 con-

251 2574 504 2619 tumeliam,
522 2577 565 2611 et
583 2571 804 2611 Romulus
826 2572 881 2610 ad
899 2572 991 2610 vim
1009 2575 1053 2609 et
1071 2570 1279 2609 fraudem
1301 2569 1544 2616 descendit,
1565 2569 1710 2619 magis
1728 2572 1778 2606 ut
1793 2568 2096 2618 opitularetur

254 2640 563 2679 incommodis³
588 2640 755 2679 civium
773 2646 972 2686 suerum,
993 2650 1128 2689 quam
1147 2642 1198 2676 ut
1215 2637 1508 2676 ulcisceretur
1524 2636 1780 2686 superbiam
1798 2635 2095 2674 finitimarum

259 2710 507 2749 civitatum.
567 2708 752 2747 Paravit
784 2707 915 2746 ludos
947 2707 993 2745 in
1027 2706 1244 2746 honorem
1275 2705 1491 2756 Neptuni,
1513 2708 1557 2743 et
1586 2703 1642 2742 ad
1671 2703 1756 2742 hoc
1785 2702 2089 2753 spectaculum

252 2778 464 2816 invita-ivit
487 2776 690 2815 natienes
711 2775 942 2823 finitimas,
967 2775 1013 2814 in
1034 2774 1105 2813 his
1127 2774 1413 2819 Caeninensis,
1435 2773 1736 2818 Antemnatis,
1762 2771 2092 2818 Crustuminos,

253 2846 476 2895 imprimis
498 2848 650 2883 autem
674 2844 872 2884 Sabinos.

299 2941 308 2960 ¹
330 2939 445 2971 Haud
474 2939 602 2979 procul
629 2940 710 2971 erat
739 2938 832 2978 quin
848 2938 1070 2978 aqnosceret,
1089 2937 1135 2968 he
1153 2945 1228 2968 was
1246 2939 1312 2967 not
1336 2936 1394 2966 rar
1418 2936 1514 2966 from
1542 2933 1867 2973 aeknowledging.
1883 2932 1951 2956 —2
1970 2932 2091 2963 There

255 2990 350 3012 were
369 2989 493 3019 many.
508 2999 546 3003 —
558 2980 573 3001 ³
592 2980 734 3012 Should
755 2980 921 3012 become.
934 2996 975 3001 -—
989 2979 1002 2999 ⁴
1023 2978 1066 3011 Ut
1081 2978 1325 3016 observarent,
1344 2977 1380 3008 111
1400 2976 1510 3007 order
1527 2978 1566 3007 to
1583 2975 1754 3006 observe.
1768 2993 1807 2997 —
1820 2975 1834 2995 ⁵
1852 2974 1932 3005 The
1950 2972 2091 3004 friends

255 3023 295 3053 of
328 3022 431 3059 both,
453 3021 634 3053 Romulus
653 3021 726 3053 and
754 3021 908 3052 Remus.
922 3038 963 3043 ·—
976 3020 990 3040 θ
1009 3019 1109 3051 Eaeh
1128 3022 1167 3050 to
1185 3018 1283 3050 their
1300 3027 1382 3049 own
1401 3016 1538 3048 leader.
1551 3034 1591 3039 —
1605 3016 1618 3036 ⁷
1638 3016 1758 3047 There
1776 3023 1864 3047 was.
1878 3033 1917 3039 -
1931 3014 1945 3035 ⁸
1962 3014 2089 3054 Imfimi

254 3063 426 3109 cujusque
442 3063 595 3101 qenerz's,
614 3063 656 3094 os
669 3062 733 3095 the
749 3070 838 3102 very
854 3063 985 3094 lowest
1007 3061 1116 3093 class.
1130 3079 1171 3084 -
1184 3061 1198 3081 ⁹
1218 3060 1262 3094 Ut
1277 3058 1522 3100 opitularetur
1538 3057 1789 3098 incommodis,
1810 3060 1849 3089 to
1864 3056 2010 3089 redress
2027 3055 2089 3087 the

255 3111 482 3144 grievances.
