2200 3519
578 221 743 258 LIBER
772 221 830 268 11,
864 216 927 256 15.
956 215 1019 258 16.
1095 210 1166 273 [A.
1201 221 1252 259 U.
1285 206 1524 272 430-433.]
1868 214 1982 266 147.-

124 362 282 402 castris
304 361 493 401 Romam
515 362 735 413 profugit.
800 362 869 402 Ibi
889 363 1019 403 Fabii
1041 367 1182 415 pater,
1204 365 1283 416 qui
1305 368 1373 404 ter
1395 366 1490 418 jam
1513 366 1669 406 consul
1690 366 1971 418 dictatorque

125 431 292 477 fuerat,
312 431 525 481 precibus
547 431 838 482 lacrimisque
860 436 1046 471 senatus
1068 437 1112 472 et
1133 434 1292 484 populi
1321 435 1516 485 gratiam
1548 435 1641 474 filio
1662 448 1744 475 suo
1766 436 1971 476 concilia-

123 499 203 539 vit.
267 500 327 538 At
363 499 588 550 Papirius,
611 500 823 550 expedito
846 501 1069 551 equitatu¹
1096 501 1289 540 Fabium
1320 507 1515 549 secutus,
1537 504 1715 542 senatui
1738 507 1782 542 et
1803 505 1972 555 populo

121 567 168 606 in
191 569 398 607 contione
415 568 627 616 ostendit,
650 581 696 607 se
718 569 936 620 magistro
953 571 1173 620 equitum,
1189 575 1427 621 aspernato
1448 572 1737 623 majestatem
1758 573 1968 624 imperii2,

121 635 239 675 nihil
260 649 316 676 ex
347 637 474 688 justa
496 649 632 687 prena
654 638 884 676 remittere
905 650 1050 688 posse.
1114 638 1316 678 Tandem
1347 640 1544 690 populus
1566 641 1807 680 universus
1829 646 1873 681 et
1895 643 1970 681 tri-

121 705 232 745 buni
266 705 412 755 plebis
445 706 736 745 severitatem
765 706 998 746 dictatoris
1031 707 1240 757 precibus
1272 710 1316 745 et
1345 708 1724 748 obtestationibus
1746 710 1966 750 vicerunt.

121 773 347 824 Papirius,
375 773 557 812 silentio
588 775 722 822 facto,
752 777 780 793 “
807 773 954 822 Vive,''
985 775 1148 826 inquit,
1171 779 1192 794 “
1214 775 1375 827 Quinte
1396 775 1519 816 Fabi.
1587 776 1787 817 OoncZOno
1815 782 1853 818 te
1882 790 1972 817 non

119 841 293 894 ju83is³,
320 843 392 882 sed
414 842 620 893 precibus
644 843 804 894 populi
823 842 1021 884 Romani
1035 855 1056 893 ,·
1087 845 1279 884 condono
1300 848 1338 884 te
1360 844 1561 893 tribunis,
1580 846 1857 897 precarium,
1881 859 1972 887 non

119 909 309 962 justum,
331 910 554 950 azaz-ilium
565 911 836 962 ferentibus‘²
854 912 893 953 ’'.
951 911 1125 952 Deinde
1147 912 1203 951 ad
1226 916 1371 953 castra
1391 926 1616 962 reversus,
1637 914 1829 954 dictator
1851 915 1972 954 fudit

119 979 393 1031 fugavitque
417 979 656 1020 Samnites.

174 1047 440 1099 Insequenti
488 1061 605 1087 anno
648 1048 889 1097 Samnites,
934 1050 1101 1088 iterum
1148 1050 1309 1100 proelio
1350 1050 1472 1098 victi,
1513 1063 1669 1102 pacem
1718 1053 1966 1102 petierunt,

118 1129 217 1167 quae
238 1121 406 1165 tamen,
424 1117 511 1156 nisi
534 1118 777 1156 universus
798 1118 996 1168 populus
1018 1119 1064 1156 in
1087 1118 1361 1158 deditionem
1383 1118 1594 1167 veniret⁵,
1615 1131 1640 1158 a
1662 1124 1822 1159 senatu
1843 1120 1971 1160 dene-

117 1189 224 1237 gata
246 1193 326 1225 est.
390 1185 508 1224 Tum
530 1199 637 1225 vero
669 1185 912 1237 Samnites,
938 1186 1197 1226 libertatem
1230 1200 1358 1227 suam
1390 1187 1445 1226 ad
1477 1187 1693 1226 ultimum
1724 1188 1970 1228 defendere

116 1254 278 1305 parati,
303 1260 450 1293 omnis
472 1255 552 1305 qui
573 1266 698 1293 arma
720 1255 840 1293 ferre
861 1260 1046 1306 possent
1068 1261 1387 1303 evocaverunt,
1408 1260 1452 1295 et
1475 1256 1520 1295 C.
1548 1256 1777 1304 Pontium,
1803 1256 1969 1295 Heren-

116 1323 181 1362 nii
210 1323 371 1369 filium,
404 1324 556 1362 virum
593 1324 929 1363 nobilissimum
960 1336 1011 1363 ac
1041 1325 1343 1363 fortissimum
1379 1325 1599 1363 exercitui
1634 1324 1967 1375 praefeceruntfl.

117 1390 176 1441 Is,
202 1404 320 1431 anno
351 1393 407 1431 ab
434 1393 545 1431 urbe
568 1393 746 1433 condita
775 1393 1226 1444 quadringentesimo
1255 1393 1489 1444 trigesimo
1510 1394 1658 1441 tertio,
1684 1397 1829 1432 castra
1851 1395 1967 1433 circa

117 1459 340 1499 Caudium
361 1461 408 1499 in
430 1462 672 1512 angustiis,
687 1475 786 1513 quae
804 1462 1012 1501 Furculae
1036 1461 1250 1501 Caudinae
1271 1461 1635 1512 appellabantur,
1656 1474 1793 1513 quam
1814 1466 1967 1513 potest

116 1529 440 1568 occultissime⁷
464 1530 598 1570 locat.

114 1610 395 1643 ATTRIBUTIVE
419 1610 684 1644 GERUNDIALS
709 1610 846 1652 (Study
868 1611 907 1685 Ῐξξ
930 1611 1104 1686 31ῑ9-3ἐ8).
1152 1611 1311 1686 ἓθῖἰθνν
1335 1610 1591 1652 Periphrastie
1615 1610 1758 1643 Future
1774 1611 1850 1644 aud
1866 1612 1966 1644 Peri-

839 1662 862 1693 p
879 1662 952 1685 iras
973 1662 1008 1685 lc
1061 1662 1149 1686 erun
1181 1662 1217 1685 ia
1235 1679 1242 1686 .

170 1707 290 1750 XVI.
328 1710 569 1749 Exercitus
601 1710 849 1758 Romanus,
875 1708 1084 1750 ducibusts
1114 1710 1165 1750 T.
1191 1710 1381 1749 Veturio
1403 1710 1484 1761 (et)
1516 1710 1590 1761 Sp.
1612 1710 1845 1749 Postumio
1866 1723 1947 1750 con

116 1780 308 1827 sulibus,
333 1791 415 1830 per
449 1778 532 1818 has
564 1780 772 1830 regiones
794 1778 851 1817 ad
872 1791 1004 1829 opem
1036 1779 1234 1818 Luceriae
1256 1779 1420 1830 oppido
1454 1778 1688 1818 ferendam
1721 1779 1959 1830 proficisce-

114 1849 261 1888 batur.
324 1846 496 1887 Itinera
517 1851 645 1887 erant
666 1847 756 1886 duo
777 1848 945 1898 quibus
975 1847 1030 1886 ad
1057 1847 1293 1886 Luceriam
1328 1848 1557 1898 perveniri
1577 1852 1744 1898 posset,
1769 1848 1965 1886 alterum

114 1929 194 1969 per
213 1917 431 1956 Furculas
449 1916 689 1963 Caudinas,
701 1921 950 1967 angustum
965 1921 1008 1955 et
1023 1916 1220 1961 difficile,
1237 1917 1355 1954 inter
1371 1916 1482 1955 duos
1500 1916 1744 1955 altissimos
1762 1921 1938 1955 montes
1956 1930 1965 1964 ;

114 1985 309 2024 alterum
331 1990 495 2036 praeter
515 1997 638 2023 oram
669 1985 825 2035 superi
845 1985 997 2031 maris,
1023 1983 1201 2034 patens⁹
1225 1988 1539 2034 apertumque,
1561 1984 1636 2023 sed
1659 1984 1805 2023 multo
1827 1997 1963 2035 quam

113 2054 309 2093 alterum
339 2052 535 2104 longius.
598 2052 758 2103 Itaque
780 2053 926 2104 magis
957 2053 1130 2103 placuit
1153 2052 1391 2091 consilium
1421 2052 1599 2090 itineris
1630 2064 1709 2102 per
1739 2052 1965 2092 Caudinas

114 2123 349 2174 angustias
372 2121 583 2167 faciendi,
604 2121 681 2159 ubi
707 2121 801 2172 jam
823 2124 947 2159 totus
971 2119 1245 2159 Samnitium
1268 2120 1494 2158 exercitus
1515 2120 1561 2158 in
1582 2119 1759 2158 insidiis
1781 2120 1963 2159 latebat.

114 2190 319 2238 Romani,
340 2203 483 2241 quum
505 2189 747 2229 dimidium
780 2189 876 2228 fere
898 2190 981 2228 viae
1003 2201 1084 2240 per
1114 2188 1348 2239 angustias
1379 2188 1717 2238 processissent,
1742 2193 1964 2227 venerunt

113 2260 170 2299 ad
190 2260 339 2299 locum
361 2272 497 2310 quem
533 2258 688 2297 hostes
724 2258 962 2297 arboribus
993 2258 1206 2308 saxisque
1238 2256 1502 2308 ingentibus
1538 2256 1804 2307 dejiciendis
1841 2257 1962 2295 insu-

113 2329 362 2380 perabilem
388 2329 602 2367 fecerant.
666 2326 758 2378 Ipsi
780 2339 960 2377 quoque
980 2325 1134 2365 hostes
1165 2326 1210 2363 in
1243 2325 1432 2365 summis
1462 2323 1725 2363 montibus¹⁰
1751 2325 1963 2374 conspici-

114 2401 267 2436 untur.
331 2396 470 2435 Retro
507 2395 669 2435 deinde
705 2395 909 2443 eandem,
934 2399 1026 2445 qua
1055 2398 1286 2440 venerant,
1317 2393 1619 2444 repetebantll
1653 2393 1786 2432 viam.
1850 2393 1963 2431 Eam

114 2477 292 2515 quoque
315 2465 515 2505 clausam
545 2465 797 2503 inveniunt.
861 2463 1001 2503 Nulla
1032 2476 1087 2502 ex
1119 2463 1311 2502 saltibus
1333 2462 1529 2501 exeundi
1561 2461 1782 2501 facultate
1803 2459 1958 2508 dat-5¹²,

114 2534 296 2581 milites,
318 2534 571 2585 paullisper
592 2533 853 2571 muniendis
871 2533 1029 2571 castris
1052 2532 1231 2578 intenti,
1247 2544 1388 2582 quum
1407 2543 1521 2581 opus
1543 2531 1722 2569 irritum
1741 2530 1961 2575 viderent,

115 2603 341 2641 auxilium
375 2614 401 2640 a
436 2602 628 2640 ducibus
666 2605 929 2651 exposcunt.
993 2599 1270 2647 Querentis¹³
1304 2600 1450 2650 magis
1484 2611 1620 2650 quam
1656 2598 1956 2637 consultantis

116 2683 206 2710 nox
242 2670 521 2722 oppressit¹⁴.
592 2668 728 2721 “Quo
764 2668 999 2715 edmu3¹⁵‚'’
1037 2669 1319 2719 inquiebant,
1359 2669 1514 2707 “clam
1542 2667 1645 2706 haec
1673 2666 1788 2717 jusqu„
1818 2665 1961 2704 immi-

163 2767 174 2787 ¹
194 2766 296 2798 With
313 2776 332 2797 a
349 2765 703 2807 quickly-mouuted
723 2765 843 2805 squad
860 2765 901 2795 of
924 2765 1136 2795 horsemen.
1151 2763 1216 2786 -2
1235 2763 1314 2794 The
1332 2770 1506 2802 supreme
1524 2761 1690 2797 military
1707 2760 1905 2799 authority.
1920 2776 1960 2782 -

117 2807 132 2829 ³
152 2808 165 2839 1
184 2808 293 2840 remit
311 2809 514 2847 (condoue)
532 2817 628 2848 your
645 2807 906 2847 puni-liniunt,
921 2808 1046 2837 notun
1063 2808 1223 2836 account
1242 2805 1283 2835 of
1301 2806 1364 2835 tho
1382 2803 1595 2835 command.
1615 2803 1683 2833 but.
1699 2807 1771 2833 etc.
1786 2802 1849 2824 —‘¹
1864 2800 1960 2832 Who

114 2848 294 2881 interfere
313 2849 360 2888 by
379 2850 478 2881 their
503 2849 723 2887 entrezuies,
745 2852 812 2879 not
838 2849 885 2888 hy
911 2847 1009 2879 their
1033 2847 1238 2884 authority.
1273 2845 1473 2884 Litt-rally:
1499 2844 1632 2874 “Who
1658 2852 1763 2882 carry
1789 2851 1817 2890 a.
1835 2851 1960 2882 prcca-

114 2890 214 2923 rious
231 2891 302 2929 (ie.
324 2891 372 2931 by
389 2891 629 2929 enti-eating),
649 2895 717 2921 not
741 2898 761 2921 a
787 2890 990 2927 legitimam
1016 2888 1143 2926 help.''
1190 2887 1265 2918 For
1280 2887 1471 2918 ana-ilium
1485 2887 1604 2926 ferre,
1625 2894 1687 2927 sce
1706 2885 1767 2915 thu
1784 2884 1804 2914 X
1821 2884 1959 2914 ‹u-ahu-

111 2930 202 2971 lary.
217 2933 283 2956 —5
302 2933 346 2964 Jn
376 2933 605 2966 delitionem
634 2932 787 2967 veniret,
814 2931 935 2962 would
970 2929 1171 2960 sui-render
1195 2928 1355 2959 without
1387 2927 1595 2959 condition.
1641 2926 1702 2965 [ln
1733 2925 1959 2971 deditionem

110 2975 245 3008 venire.
266 2973 426 3013 literally
444 2976 467 2990 ⁴·
481 2980 520 3004 to
537 2982 643 3005 coine
669 2975 751 3004 into
777 2971 1111 3008 s11r1·011‹l‹=1·.'‘']—-‘²
1132 2970 1174 3002 Ιί.
1197 2971 1266 3004 11Γῖ,
1290 2969 1358 3001 No.
1379 2971 1407 3000 2.
1423 2988 1461 2991 —-
1475 2969 1487 2988 ⁷
1507 2970 1559 2999 As
1587 2967 1750 3006 secra-1131
1773 2976 1814 2997 as
1837 2974 1959 3005 possl·

111 3013 184 3047 ble.
196 3033 234 3038 —
248 3015 262 3036 ⁸
277 3015 416 3048 Under.
452 3016 522 3047 See
539 3016 556 3056 ξ
575 3017 645 3046 185.
659 3034 698 3038 -
710 3016 724 3035 ⁹
742 3015 889 3045 f1·e‹:.-
904 3014 935 3034 ¹⁰
951 3013 1008 3045 On
1026 3012 1088 3043 the
1103 3014 1168 3050 top
1183 3011 1225 3041 os
1238 3011 1299 3042 the
1318 3010 1548 3042 mountains.
1562 3028 1601 3032 —
1615 3010 1644 3030 1¹
1665 3008 1770 3048 They
1785 3007 1878 3038 took
1896 3006 1958 3038 the

111 3063 214 3088 same
223 3056 313 3088 road
323 3056 534 3089 backward.
548 3075 591 3080 -
606 3056 758 3088 12Νιιῖίᾶ
771 3055 957 3096 facultate
971 3053 1075 3089 dam,
1092 3052 1195 3084 since
1210 3052 1314 3083 there
1327 3061 1401 3083 was
1417 3060 1464 3082 no
1479 3049 1712 3091 possibility.
1726 3068 1767 3073 —
1779 3049 1810 3071 1⁸
1823 3049 1957 3081 Trans-

109 3095 186 3130 late
201 3097 251 3139 by
266 3098 375 3131 while
387 3106 402 3142 ,·
426 3107 488 3131 see
506 3098 525 3139 5
540 3100 612 3131 315.
625 3098 711 3121 -14
729 3098 936 3130 Overcame
954 3095 1062 3127 tlte-m„
1075 3112 1117 3118 --
1133 3094 1162 3115 ¹⁵
1182 3093 1319 3127 Where
1335 3101 1404 3126 can
1422 3102 1477 3126 we
1493 3094 1568 3134 go?
