2200 3519
206 262 307 314 122
662 277 825 313 menn
861 276 896 325 1,
937 271 1083 313 15-17.
1169 265 1239 326 [A.
1278 276 1328 313 U.
1368 264 1573 329 sio-na]

208 419 257 458 in
278 420 533 459 contionem
554 424 788 460 venerunt.
850 420 877 458 J
884 424 1057 459 usserat
1087 424 1239 459 autem
1271 420 1433 460 Tullus
1463 424 1686 460 armatam
1715 421 1941 473 legionem
1973 424 2049 462 cir·

210 488 420 527 cumdare
451 489 715 528 contionem.
779 487 955 527 Deinde
992 489 1055 527 sie
1082 489 1262 527 locutus
1291 493 1385 528 est:
1422 492 1450 507 “
1481 488 1576 537 Vos,
1610 489 1820 538 Romdni,
1854 491 2051 531 hesterno

201 555 384 607 proelio,
410 556 549 606 massis
569 568 668 596 cum
683 555 1111 607 perfididsocicirimi
1140 567 1275 607 quam
1305 568 1405 596 cum
1435 556 1550 596 hoste
1582 557 1881 598 dimicatis-ti&
1943 558 2050 599 ,Non

209 625 327 664 enim
370 624 550 664 stsettins
585 637 613 663 d
647 636 712 663 me
745 625 841 664 lieri
869 624 1021 675 jussus
1056 623 1132 663 est¹
1153 625 1212 663 ad
1245 629 1409 664 ‘montes
1440 626 1676 672 succedere,
1711 630 1761 665 ut
1783 626 1903 677 falso
1936 627 2052 666 vobis

208 692 430 740 nuntidvi,
450 693 521 731 scd
541 692 592 732 in
613 692 764 732 animo
784 692 937 732 habuit
952 705 1037 743 pro
1057 692 1248 732 lio-§tibus
1268 696 1424 732 contra
1444 693 1522 732 7203
1544 697 1763 744 pussndre.
1816 694 2052 734 Neminem

207 766 412 809 vestrum,
451 760 633 807 Atbdni,
666 760 934 811 proditionis
969 772 1124 811 arfflm,
1149 772 1285 811 quum
1313 772 1396 807 vos,
1422 760 1534 800 sicut
1559 761 1743 812 fecistis,
1783 762 1935 801 ducem
1971 774 2052 802 ves-

208 835 331 871 trum
360 829 482 881 sequi
499 829 742 869 debueritis.
806 828 924 868 Mihi
944 832 1094 868 autem
1113 828 1166 868 in
1186 828 1338 868 animo
1369 832 1441 875 est,
1478 841 1651 869 omnem
1665 829 1885 880 poputum
1918 828 2053 870 AZbd-

207 910 318 938 num
350 898 399 938 in
433 898 585 937 urbem
613 897 806 937 Romam
842 898 1090 944 traducere,
1115 900 1155 936 ct
1174 908 1319 936 ‘cloiam
1353 897 1571 937 cicitdtem
1603 909 1651 936 ea:
1683 898 1855 937 ducibus
1876 898 2044 949 facere.

212 965 270 1006 Te
299 978 410 1014 vcro,
445 965 573 1006 Metti
603 966 769 1017 Fufeti,
807 969 1036 1016 ruptorem
1067 965 1281 1017 foederis,
1326 962 1516 1005 terribili
1556 965 1772 1016 supplicio
1813 966 2050 1018 afficiam.’'

209 1034 327 1073 Tum
356 1034 546 1073 Mettius
575 1035 623 1072 in
658 1046 817 1073 currus
857 1034 1053 1072 duarum
1093 1034 1422 1084 quadrigarum
1462 1034 1752 1081 distenditur,
1782 1038 1826 1073 et
1855 1035 2052 1075 vinculis

206 1103 425 1154 illigatur.
487 1103 606 1154 Equi
639 1105 688 1142 in
718 1103 950 1143 diversum
985 1103 1072 1141 iter
1103 1103 1399 1151 concitantur,
1436 1106 1482 1142 et
1517 1115 1678 1154 corpus
1714 1104 1814 1155 ejus
1852 1104 1900 1142 in
1939 1104 2051 1144 duas

206 1176 357 1223 partes
378 1172 615 1211 laceratur.

441 1252 659 1284 Pnonouus
683 1259 928 1285 couriuunn.
974 1251 1121 1284 NAMES
1146 1260 1194 1284 or·
1218 1259 1356 1285 cri-ms.
1405 1251 1456 1292 (ἓὲ
1473 1252 1634 1291 260-262ς
1659 1251 1704 1284 R.
1725 1252 1813 1289 125.)

260 1309 379 1350 XVI.
416 1309 594 1348 Interea
615 1309 790 1358 equites
812 1309 939 1347 missi
961 1312 1088 1347 erant
1110 1308 1285 1355 Albam,
1311 1309 1390 1358 qui
1413 1308 1603 1347 Albanis
1621 1309 1906 1347 voluntatem
1927 1310 2050 1360 regis

205 1380 486 1425 nuntiarent,
508 1390 673 1428 eosque
694 1377 986 1416 traducerent
1008 1377 1209 1416 Romam.
1272 1376 1443 1415 Deinde
1464 1377 1579 1415 Alba
1602 1377 1712 1416 urbs
1748 1377 1841 1416 solo
1871 1382 2050 1428 aequata

207 1450 288 1487 est.
351 1446 502 1485 Romae
533 1450 688 1485 autem
730 1458 948 1485 numerus
990 1446 1161 1484 civium
1194 1445 1469 1495 duplicatur.
1528 1445 1687 1496 Itaque
1728 1458 1856 1486 mons
1888 1446 2052 1486 Caelius

205 1515 305 1553 urbi
329 1514 510 1553 additus
532 1518 612 1553 est.
676 1513 729 1552 In
751 1526 802 1552 eo
824 1526 903 1552 rex
925 1514 1023 1563 ipse
1054 1513 1227 1563 regiam
1258 1525 1386 1552 suam
1417 1513 1668 1559 aedificavit,
1694 1514 1851 1564 ibique
1884 1515 2046 1553 deinde

204 1582 445 1622 habit-avit.
486 1582 648 1620 Paullo
662 1586 763 1632 post
783 1582 978 1623 Sabinis?
1002 1582 1174 1620 bellum
1196 1582 1374 1628 indixit,
1396 1582 1515 1631 quod
1536 1582 1839 1632 negotiatores
1861 1583 2049 1622 Romani

207 1651 263 1690 ab
294 1652 359 1690 eis
386 1655 539 1689 contra
559 1652 635 1702 jus
665 1651 872 1701 gentium
904 1653 951 1688 in
972 1650 1154 1689 vincula
1185 1651 1377 1701 conjecti
1408 1653 1570 1689 essent.
1634 1649 1745 1689 Pars
1777 1650 2047 1691 Sabinorum

205 1720 301 1771 jam
323 1731 349 1757 a
369 1719 563 1758 Romulo
594 1723 638 1757 et
670 1719 798 1757 Tatio
828 1719 1017 1757 Romam
1047 1718 1267 1757 translata
1298 1721 1392 1756 erat
1416 1732 1424 1765 ;
1457 1717 1535 1757 sed
1565 1717 1698 1769 longe
1719 1719 1917 1756 maxima
1946 1706 2050 1769 pars

207 1792 364 1827 e6rum
386 1787 508 1826 domi
529 1791 767 1826 manserat.
830 1785 890 1824 Hi
910 1787 1086 1842 legatos
1107 1785 1247 1837 Vejos
1279 1786 1517 1833 miserunt,
1554 1790 1764 1836 rogatum
1793 1787 2017 1825 auxilium
2041 1801 2050 1834 ;

207 1856 285 1897 Sed
305 1856 435 1908 Vejis
467 1856 655 1895 meliora
685 1855 870 1895 consilia
899 1854 1127 1900 valebant,
1155 1853 1424 1904 Sabinisque
1454 1854 1681 1891 auxilium
1712 1858 1931 1904 negatum
1963 1858 2044 1894 est.

206 1924 368 1976 Pugna
398 1928 525 1963 atrox
556 1924 612 1962 ad
642 1924 806 1963 silvam
836 1922 1111 1961 Malitiosam
1143 1921 1266 1965 fuit³‚
1302 1922 1349 1959 in
1384 1933 1472 1971 quo
1514 1921 1783 1960 Sabinorum
1823 1924 2049 1962 exercitus

207 1994 341 2033 fusus
372 1994 651 2044 fugatusque
682 1994 762 2030 est.
825 1990 988 2029 Tullus
1019 1989 1256 2037 Hostilius,
1281 1989 1361 2039 qui
1391 1989 1551 2027 multis
1574 1990 1773 2029 victoriis
1805 1990 1898 2029 suis
1927 2003 2049 2029 sum-

205 2075 327 2102 mam
349 2062 666 2101 auctoritatem
687 2059 808 2109 apud
829 2059 1047 2097 finitimas
1068 2061 1221 2108 gentis
1244 2062 1404 2096 nactus
1440 2061 1549 2104 erat,
1575 2057 1631 2095 ad
1662 2056 1798 2096 finem
1829 2058 1957 2108 regni
1979 2059 2048 2097 sui

206 2143 254 2172 se
276 2130 571 2182 religionibus
593 2128 777 2167 dedidit.
836 2128 982 2165 Antea
1010 2127 1130 2165 enim
1160 2130 1241 2164 aut
1272 2126 1536 2177 neglexerat
1566 2125 1671 2164 deos
1701 2128 1780 2163 aut
1803 2137 1942 2175 prave
1973 2137 2047 2165 eos

206 2199 419 2238 coluerat.
483 2197 643 2247 Itaque
664 2196 750 2242 dei,
776 2199 827 2234 ut
850 2195 1007 2233 fabula
1029 2195 1181 2241 tradit,
1207 2194 1365 2233 infesti
1388 2197 1515 2232 erant
1546 2193 1678 2232 Tullo
1699 2193 1808 2244 regi.
1871 2193 2046 2232 Accidit

206 2268 248 2307 ei
268 2271 334 2314 ut,
356 2266 551 2305 fulmine
572 2266 704 2311 ictus,
726 2276 831 2302 cum
853 2263 984 2302 domo
1006 2275 1088 2302 sua
1110 2262 1417 2313 conflagraret.
1481 2261 1708 2312 Regnavit
1729 2273 1868 2300 annos
1890 2261 1979 2300 duo
2000 2264 2044 2300 et

205 2335 406 2386 triginta.

226 2429 565 2460 DETnmnNA'mvn
582 2433 834 2458 ADJECTIVES.
880 2424 1024 2456 NAMES
1047 2432 1096 2455 or·
1120 2431 1246 2455 crrms
1271 2430 1515 2455 coxrmtrm).
1563 2422 1616 2463 (ἓὲ
1632 2423 1736 2456 85-87
1755 2433 1764 2463 ;
1790 2423 2018 2465 §5102-105.)

262 2497 406 2537 XVII.
443 2497 615 2536 Deinde
637 2496 790 2534 Ancus
819 2494 1030 2542 Marcius,
1051 2493 1213 2531 Numae
1236 2493 1450 2543 Pompilii
1473 2505 1625 2543 nepos,
1646 2505 1724 2531 rex
1757 2498 1935 2534 cre-atus
1957 2497 2038 2534 est.

205 2565 359 2617 Hujus
381 2565 501 2616 regis
532 2565 775 2614 imperium
813 2562 933 2601 domi
970 2561 1236 2611 militiaeque
1266 2574 1392 2611 aeque
1422 2560 1594 2599 clarum
1626 2561 1728 2600 fuit.
1791 2560 1913 2600 Haec
1941 2561 2043 2600 laus

205 2634 322 2672 nulli
358 2636 561 2683 priorum
596 2644 756 2682 regum
794 2630 1056 2680 contigerat,
1083 2641 1276 2679 quorum
1312 2629 1505 2679 quisque
1541 2631 1620 2666 aut
1655 2628 1777 2675 belli,
1807 2633 1885 2667 aut
1920 2629 2044 2678 pacis

205 2705 316 2741 artis
339 2701 616 2751 neglexerat.
682 2699 832 2737 Ancus
863 2698 1054 2748 primus⁴
1087 2699 1162 2747 jus
1195 2697 1351 2735 fetiale
1382 2697 1628 2743 constituit,
1655 2708 1743 2746 quo
1774 2708 1834 2734 eze
1865 2697 2044 2735 cerimo-

204 2770 288 2808 niae
324 2769 710 2814 describebantur,
748 2767 915 2817 quibus
946 2766 1067 2804 bella
1098 2765 1415 2804 indicerentur.
1476 2763 1527 2802 In
1557 2776 1632 2802 ore
1665 2764 1840 2802 Tiberis
1870 2763 2041 2802 Ostiam

206 2837 419 2882 condidit,
455 2840 497 2874 et
534 2837 649 2874 circa
681 2835 724 2873 id
762 2834 979 2884 oppidum
1015 2833 1182 2873 salinas
1217 2833 1430 2871 instituit.
1493 2831 1564 2869 Ab
1599 2831 1757 2869 eodem
1794 2843 1898 2881 rege
1930 2842 2042 2880 pons

204 2904 422 2944 sublicius
444 2905 489 2942 in
512 2904 710 2942 Tiberim
746 2902 894 2940 factus
928 2905 1009 2947 est,
1035 2913 1125 2951 quo
1157 2913 1289 2950 opere
1322 2900 1466 2938 altera
1502 2899 1675 2936 Tiberis
1708 2901 1805 2948 ripa
1840 2899 2039 2948 primum

204 2984 305 3010 cum
341 2973 452 3010 urbe
488 2972 728 3022 conjuncta
761 2977 841 3009 est.
906 2969 958 3007 In
994 2969 1079 3007 hac
1111 2969 1212 3019 ripa
1247 2968 1421 3006 Tiberis
1457 2967 1596 3006 situm
1628 2970 1723 3003 erat
1763 2966 2039 3005 Janiculum.

245 3093 257 3114 ¹
277 3093 358 3126 Non
377 3094 476 3125 enim
492 3093 640 3125 Mettin
627 3092 781 3132 jussus
797 3091 858 3129 effi!
879 3091 938 3122 for
967 3090 1126 3121 Mettius
1144 3097 1221 3123 was
1245 3091 1311 3122 not
1334 3087 1593 3122 commanded.
1611 3106 1652 3111 ——
1668 3088 1683 3109 2
1700 3086 1861 3128 Against
1890 3086 1954 3119 the
1978 3085 2038 3118 Sa·

202 3132 323 3167 bines.
342 3153 382 3157 —
399 3134 414 3156 ³
436 3134 560 3167 There
577 3142 664 3166 was.
684 3135 755 3156 —4
774 3134 817 3165 W
822 3142 863 3165 as
881 3133 945 3164 the
961 3132 1043 3164 first
1058 3131 1155 3164 who.
