2200 3519
244 231 343 283 132
688 248 849 286 Lmnn
885 248 922 297 1,
962 244 1026 284 35.
1057 243 1120 284 36.
1205 237 1275 298 [A.
1315 250 1366 286 U.
1407 236 1635 303 259-266]

755 385 976 418 DEPONENT
999 386 1145 419 VERsss.
1193 384 1326 425 (Study
1343 385 1381 426 ἐξ
1396 385 1568 424 138-141.)

281 439 406 472 RULE.
434 439 465 480 1)
483 439 562 486 The
578 439 762 480 auxiliary
778 441 828 472 est
846 440 979 480 (plural
1004 442 1103 478 sunl)
1120 440 1153 471 is
1171 440 1384 480 frequently
1399 439 1558 471 omitted
1574 438 1615 470 in
1632 439 1782 479 passive
1798 440 1872 474 and
1888 441 2080 482 deponent

240 481 421 521 perfects
467 482 500 521 2)
525 481 605 512 The
622 481 836 521 deponents
852 482 910 514 uti
925 482 999 513 and
1018 482 1138 522 potiri
1155 482 1242 513 take
1259 481 1357 532 their
1372 481 1519 521 objects
1543 481 1581 512 in
1598 481 1662 513 the
1679 481 1842 514 ablative
1860 483 1939 522 (see
1956 483 1974 524 ἓ
1990 485 2077 523 247).

295 536 476 577 XXXV.
513 537 660 576 Pavor
694 538 854 588 ingens
886 537 1103 577 Patricios
1128 542 1172 576 et
1203 541 1411 578 senatum
1433 538 1562 587 cepit.
1626 537 1775 584 Quum
1795 551 1949 579 omnes
1985 540 2081 578 fere

239 607 316 655 qui
337 617 462 644 arma
484 606 603 644 ferre
624 609 806 655 possent
828 618 883 644 ex
906 606 1017 644 urbe
1038 606 1230 656 profecti
1250 609 1413 652 essent,
1439 605 1713 644 verebantur
1734 605 1918 645 Patricii
1947 619 2016 654 ne,
2043 608 2081 647 si

239 679 477 713 externum
499 673 671 712 bellum
692 674 899 720 oriretur,
921 674 1079 713 civitas
1109 674 1155 711 111
1187 685 1416 712 summum
1447 673 1702 723 periculum
1723 677 1913 714 veniret.
1972 675 2080 713 Gra-

237 744 340 781 vius
376 743 510 780 etiam
548 742 720 780 malum
753 742 1033 788 imminebat,
1059 742 1096 781 si
1127 741 1168 780 ei
1198 741 1274 791 qui
1312 745 1601 788 secesserant,
1625 741 1794 780 infesto
1823 743 2004 793 agmine
2032 743 2081 782 in

237 810 396 849 urbem
435 809 793 860 regrederentur.
871 808 1028 859 Itaque
1068 809 1246 849 senatui
1284 809 1473 859 placuit,
1513 807 1775 847 Menenium
1809 810 2071 861 Agrippam,

236 879 387 917 virum
408 878 531 929 plebi
553 878 849 924 carissimum,
871 877 927 915 ad
947 881 1145 915 montem
1169 876 1354 915 Sacrum
1375 877 1569 922 mittere,
1589 877 1668 926 qui
1689 877 1868 927 plebem
1891 878 1947 916 ad
1966 878 2079 917 redi-

236 951 336 984 tum
357 944 644 992 lior-taretur¹,
663 957 851 995 eamque
871 957 952 995 per
972 957 1112 994 aequa,
1132 957 1214 994 per
1234 943 1407 994 iniqua2
1421 956 1523 982 cum
1545 944 1727 983 civitate
1749 946 2068 986 reconciliaret.

236 1015 323 1053 Per
345 1014 603 1053 facundiam
626 1013 787 1052 deinde
808 1013 1020 1063 Agrippae
1041 1024 1131 1063 pax
1155 1024 1257 1050 cum
1278 1012 1409 1062 plebe
1430 1015 1482 1050 eei
1504 1012 1756 1051 conditione
1779 1013 1899 1052 facta
1921 1019 2002 1064 est,
2028 996 2079 1054 ut

234 1082 365 1133 plebs
396 1094 500 1121 suos
530 1082 829 1132 magist-ratus
859 1080 1061 1129 haberet,
1087 1081 1167 1130 qui
1197 1080 1466 1119 sacrosancti
1497 1083 1660 1127 essent,
1687 1083 1731 1118 et
1758 1081 2079 1122 intercessione

236 1155 322 1189 suzi
343 1150 580 1189 consulum
598 1149 883 1198 aliorumque
897 1149 1250 1199 magistratuum
1268 1148 1444 1187 decreta
1460 1149 1585 1186 irrita
1603 1149 1750 1187 facere
1766 1156 1960 1199 possent.
2019 1149 2076 1189 Hi

234 1218 532 1269 magistratus
554 1217 727 1255 tribuni
747 1216 895 1266 plebis
925 1216 1145 1266 appell-<iti
1176 1219 1294 1255 sunt.
1358 1214 1493 1254 Initio
1514 1217 1654 1266 quini,
1676 1221 1830 1266 postea
1851 1217 1954 1256 deni
1976 1231 2076 1257 cum

233 1291 386 1325 annua
413 1288 636 1336 potest-fite
658 1284 937 1323 creabantur.
1001 1283 1173 1322 Eodem
1203 1296 1320 1322 anno
1350 1283 1522 1322 bellum
1554 1296 1655 1322 cum
1676 1284 1852 1323 Volscis
1882 1289 2077 1336 gestum,

232 1355 281 1392 in
294 1366 383 1404 quo
396 1353 601 1400 Romani,
615 1352 745 1403 Cneji
758 1352 915 1390 Marcii
935 1352 1231 1391 adolescentis
1249 1351 1430 1397 virtute,
1449 1351 1648 1398 Coriolis,
1665 1352 1775 1390 urbe
1792 1351 2072 1401 Volscorum,

232 1422 366 1473 potiti
388 1425 506 1461 sunt.
570 1421 737 1459 Marcio
758 1419 918 1458 deinde
939 1419 1172 1458 Coriolano
1193 1424 1441 1470 cognomen
1467 1419 1695 1458 inditum3.
1754 1419 1940 1459 Postero
1960 1433 2076 1460 anno

233 1502 411 1532 summa
433 1491 594 1529 caritas
615 1493 803 1527 annonae
825 1492 869 1526 et
890 1488 1034 1526 fames
1059 1491 1211 1526 secuta
1231 1492 1311 1526 est.
1374 1486 1522 1533 Quum
1553 1499 1719 1538 magna
1739 1488 1807 1527 vis
1838 1489 2072 1536 frumenti,

232 1570 365 1609 quam
405 1556 610 1596 consules
645 1556 692 1594 in
712 1555 898 1593 Etruria
928 1560 971 1593 et
1009 1554 1162 1594 Sicilia
1192 1559 1457 1602 coemeram,
1478 1555 1525 1593 in
1547 1555 1704 1593 urbem
1734 1556 1922 1594 advecta
1944 1561 2074 1603 esset,

236 1622 433 1662 Marcius
463 1622 724 1661 Coriolanus
763 1622 810 1659 in
849 1626 1009 1660 sena-ltu
1043 1621 1208 1660 restitit
1247 1620 1504 1671 quominus⁴
1542 1620 1588 1658 id
1628 1620 1911 1658 frumentum
1948 1619 2071 1669 plebi

237 1691 432 1729 daretur.
489 1692 517 1708 “
537 1689 847 1729 Secedatnunc
861 1689 900 1735 '’‚
927 1689 1088 1738 inquit,
1119 1691 1146 1706 “
1157 1687 1303 1739 ple685.
1357 1687 1489 1728 Patet
1508 1687 1579 1726 ‘eia
1595 1687 1643 1726 2'72
1664 1686 1851 1726 Sacrum
1865 1690 2066 1725 montem.

238 1757 288 1798 Sz·
308 1761 489 1796 αηηῡηᾶ
508 1757 577 1796 vti
604 1757 767 1803 volunt,
789 1756 994 1806 patribus
1013 1756 1091 1806 jus
1114 1756 1366 1806 pristinum
1386 1752 1613 1795 reddant!
1629 1754 1652 1770 '³
1713 1753 1899 1792 Summa
1928 1753 1999 1792 ira'
2023 1753 2071 1791 in

239 1825 527 1864 Coriolanum
557 1825 739 1862 incensa
768 1828 835 1862 est
866 1823 1006 1874 plebs.
1089 1823 1278 1862 Tribuni
1308 1823 1454 1873 plebis
1484 1823 1603 1860 diem
1634 1822 1867 1860 Coriolano
1897 1822 2067 1868 dicunt,

238 1905 432 1942 eumque
463 1892 771 1931 condemnant.
835 1891 1095 1930 Coriolanus
1127 1891 1363 1929 exulatum
1402 1891 1449 1928 in
1477 1889 1662 1929 Volscos
1691 1890 1815 1935 abiit,
1849 1889 1927 1927 ubi
1958 1890 2071 1928 Attii

238 1960 375 2007 Tulli,
399 1960 532 2011 longe
554 1960 769 2010 principis
790 1958 1069 2006 Volscorum,
1092 1957 1289 2008 hospitio
1310 1958 1534 1997 utebatur.

415 2051 653 2083 FORMATION
676 2059 725 2083 or·
747 2050 931 2082 PERFECT
955 2058 1039 2082 AND
1062 2050 1223 2082 SUP1NE.
1271 2049 1405 2089 (Study
1423 2048 1496 2080 and
1513 2047 1649 2079 review
1666 2047 1704 2087 ἐξ
1722 2047 1892 2086 123—138.)

393 2107 473 2138 The
490 2106 676 2146 principa]
693 2106 813 2137 forms
831 2106 872 2137 of
891 2114 1002 2145 every
1019 2105 1122 2141 verb,
1142 2104 1340 2143 occurring
1356 2104 1396 2135 111
1413 2104 1489 2135 this
1506 2103 1578 2135 and
1595 2102 1658 2135 the
1673 2101 1869 2143 following
1884 2101 2068 2142 chapters,

239 2148 375 2181 should
391 2148 438 2180 be
454 2147 606 2179 learned
625 2148 670 2187 by
687 2147 802 2179 heart.

292 2204 497 2244 XXXVI.
533 2204 683 2243 Volsci
704 2204 898 2254 benigne
919 2206 1194 2254 exceperunt
1216 2202 1436 2247 exsulem,
1455 2205 1511 2250 et,
1532 2201 1610 2251 qui
1630 2201 1724 2252 jam
1744 2204 1877 2239 antea
1898 2212 2072 2240 summo

237 2273 336 2312 odio
356 2273 400 2310 in
425 2272 648 2311 Romanos
679 2272 907 2317 arsissent,
933 2271 988 2309 ab
1010 2270 1247 2309 Coriolano
1267 2270 1314 2307 in
1333 2270 1552 2320 majorem
1583 2268 1737 2307 odium
1767 2267 1967 2318 quotidie
1996 2267 2071 2307 sti-

237 2341 540 2379 mulabantur.
605 2339 818 2385 Tandem,
840 2351 956 2376 anno
978 2339 1101 2376 urbis
1123 2337 1431 2375 ducentesimo
1453 2336 1732 2386 sexagesimo
1749 2339 1889 2382 sexto,
1911 2335 2071 2373 Roma-

236 2409 307 2447 nis
336 2408 509 2446 bellum
540 2419 566 2444 a
594 2407 768 2445 Volscis
798 2407 1017 2444 indictum
1048 2410 1129 2445 est.
1187 2406 1340 2444 Attius
1375 2404 1537 2442 Tullus
1567 2407 1611 2443 et
1641 2402 1903 2441 Coriolanus
1932 2403 2070 2452 impe-

237 2479 408 2514 ratores
429 2474 485 2512 ad
505 2474 551 2511 id
571 2473 743 2512 bellum
764 2474 870 2512 lecti
894 2477 1011 2512 sunt.
1073 2472 1132 2511 Hi
1153 2472 1303 2510 omnia
1325 2472 1418 2509 fere
1440 2470 1604 2520 oppida
1632 2469 1833 2508 Romana
1863 2469 2072 2519 deinceps

238 2546 572 2593 expugnarunt,
598 2545 641 2579 et
663 2553 821 2591 agrum
852 2540 1103 2579 Roma-inum
1135 2540 1254 2578 ferro
1284 2539 1469 2589 ignique
1498 2540 1747 2576 vastarunt.
1811 2536 2072 2576 Coriolanus

237 2612 438 2660 quinque
460 2609 602 2647 millia
623 2621 841 2658 passuum
862 2608 917 2645 ab
939 2608 1049 2646 urbe
1071 2612 1215 2646 castra
1244 2607 1407 2657 posuit.
1469 2605 1619 2643 Romae
1649 2605 1828 2642 interim
1852 2603 2072 2643 discordia

238 2676 355 2712 inter
376 2674 591 2712 Patricios
612 2673 881 2723 plebemque
903 2684 1034 2711 causa
1058 2672 1147 2710 fuit
1177 2676 1228 2709 ut
1259 2670 1463 2709 consules
1484 2670 1745 2714 exercitum,
1766 2670 1842 2718 qui
1864 2668 2071 2707 hostibus

239 2742 418 2780 obviam
442 2742 539 2787 iret,
559 2741 750 2780 scribere
766 2753 853 2778 non
874 2743 1069 2790 possent.
1133 2738 1289 2788 Itaque
1311 2742 1493 2777 senatus
1514 2737 1686 2787 legatos
1707 2729 1762 2774 ad
1784 2736 2071 2783 Coriolanum

239 2810 293 2848 de
316 2822 421 2859 pace
443 2810 621 2847 mittere
643 2812 820 2846 coactus
841 2812 920 2846 est.
984 2807 1142 2858 Legati
1163 2810 1291 2844 atrox
1312 2816 1576 2855 responsum
1598 2803 1866 2849 retulerunt,
1891 2804 2072 2841 iterum-

240 2889 326 2927 que
346 2877 487 2923 missi,
506 2888 591 2913 non
611 2875 778 2925 recepti
800 2879 905 2914 sunt
928 2875 972 2912 in
991 2879 1145 2913 castra.
1210 2873 1468 2911 Sacerdotes
1486 2883 1676 2921 quoque,
1698 2883 1799 2909 cum
1817 2871 2070 2921 insignibus

284 2983 295 3003 1
321 2983 677 3024 Qua...lmrsarztar,
703 2985 742 3013 to
767 2981 911 3013 exhort.
929 2999 967 3003 —
981 2981 996 3002 2
1015 2981 1084 3012 Per
1106 2988 1233 3020 aequa,
1253 2988 1322 3020 per
1337 2980 1480 3025 iniqua,
1498 2978 1617 3009 under
1640 2977 1709 3009 sair
1731 2986 1773 3009 or
1794 2977 1922 3009 unfair
1943 2975 2070 3009 condi-

239 3025 355 3056 tions.
367 3043 408 3046 —
421 3025 434 3044 ³
453 3024 507 3054 To
524 3023 687 3054 Marcius
699 3023 762 3054 the
777 3031 950 3054 surname
961 3021 1178 3053 Coriolanus
1197 3029 1273 3052 was
1287 3021 1376 3052 then
1394 3028 1515 3059 g1ven.
1530 3037 1569 3041 —
1583 3018 1597 3039 ⁴
1611 3018 1761 3051 Restitit
1773 3019 1970 3058 quominus
1981 3018 2071 3058 sru-

240 3066 404 3098 mentum
421 3065 588 3103 claretur,
608 3063 777 3104 opposed
794 3064 856 3097 the
873 3062 1005 3104 giving
1021 3064 1063 3094 of
1082 3063 1144 3095 the
1161 3070 1261 3095 corn.
1274 3080 1314 3084 —
1327 3061 1342 3082 ⁵
1359 3061 1508 3112 βεεέάαί
1517 3059 1627 3100 plebs,
1646 3059 1698 3091 let
1721 3060 1784 3091 the
1800 3058 1907 3100 plebs
1924 3057 2068 3090 secede.
