2200 3519
248 251 350 304 136
712 270 875 306 LIBER
912 270 970 318 11,
1008 265 1098 305 3—5.
1182 259 1199 322 f
1205 271 1252 306 A.
1298 271 1344 308 U.
1384 258 1613 321 305-309.]

246 406 560 446 decemviralis
589 407 645 446 ad
674 407 810 447 finem
839 412 1111 459 perveniret.
1174 408 1260 448 Hic
1279 414 1431 449 amore
1464 409 1684 461 flagrabat
1703 408 1921 461 Virginiae
1943 411 2091 463 cujus-

245 474 363 522 dam,
378 474 576 515 honestae
593 476 797 528 virginis,
814 478 945 528 cujus
962 485 1092 528 pater
1107 477 1270 517 absens
1286 478 1340 517 ad
1359 478 1607 517 exercitum
1623 478 1862 518 militabat.
1902 478 2091 518 Cuidam

245 554 301 581 ex
332 543 573 583 clientibus
604 545 698 584 suis
720 546 952 596 negotium
975 545 1115 584 deditl
1136 549 1187 584 ut
1208 546 1432 597 virginem
1466 546 1511 584 in
1551 547 1818 586 servitutem
1852 550 2085 587 assereret.

244 611 420 662 Appius
441 612 610 663 judicio
626 614 722 663 ipse
743 614 967 664 praeerat2,
981 618 1025 653 et
1044 627 1099 653 ex
1116 615 1335 653 tribunali
1351 614 1605 666 Virginiam
1623 615 1778 654 clienti
1802 627 1883 653 suo
1900 615 2087 655 addixit.

245 680 304 717 At
325 684 454 730 pater
475 680 706 732 Virginiae,
730 683 809 733 qui
831 683 1063 734 extemplo
1084 683 1140 722 ab
1161 684 1317 723 amicis
1338 683 1500 734 puellae
1522 684 1568 721 in
1590 683 1751 723 urbem
1786 687 1956 723 accitus
1980 687 2089 729 erat,

244 748 407 787 maluit
428 748 567 787 filiam
587 751 736 799 morti,
762 763 899 801 quam
920 752 1101 790 libidini
1122 752 1365 791 decemviri
1385 752 1576 799 tradere,
1597 764 1788 803 eamque
1808 753 1855 790 in
1877 753 1975 791 foro
2004 756 2089 793 sua

242 828 382 855 manu
402 817 648 858 interemit.

521 899 795 933 szch'rwr:
818 908 996 932 PHRASES
1018 908 1064 932 m
1088 900 1319 934 INFINITIVE
1344 909 1525 934 eLAusEs.
1574 901 1814 942 (§§175-177‚)

297 954 372 994 IV.
409 956 584 1007 Appius
617 957 936 1008 comprehendi
967 961 1142 1008 patrem
1162 957 1381 1009 Virginiae
1411 959 1562 1009 jussit.
1626 957 1712 997 Hic
1733 971 1853 1006 vero,
1881 958 2088 1009 praesidio

240 1024 553 1064 multitudinis
576 1030 775 1073 secl-irus,
797 1038 853 1064 ex
871 1026 981 1077 urbe
998 1026 1173 1077 effugit,
1192 1030 1235 1064 et
1255 1026 1495 1065 incolumis
1516 1026 1573 1064 ad
1590 1027 1840 1065 exercitum
1861 1027 2083 1077 pervenit.

241 1092 311 1132 Ibi
340 1094 541 1132 militum
571 1095 745 1133 animos
775 1094 838 1132 ita
867 1096 1107 1145 permovit,
1135 1098 1184 1133 ut
1207 1098 1330 1133 totus
1361 1096 1587 1134 exercitus
1619 1095 1831 1133 continuo
1853 1107 1908 1133 ex
1930 1094 2088 1134 castris

243 1161 490 1210 decederet,
524 1166 568 1201 et
599 1162 786 1201 Romam
816 1162 862 1201 in
892 1166 1092 1202 montem
1114 1164 1394 1205 Aventinum
1424 1163 1793 1214 proficisceretur.
1851 1161 2087 1202 Petierunt

240 1242 267 1268 a
303 1234 465 1270 senatu
501 1234 551 1270 ut
583 1231 825 1270 decemviri
860 1232 1105 1282 imperium
1141 1232 1371 1282 extemplo
1401 1232 1690 1282 deponerent,
1721 1235 1764 1271 et
1797 1232 2087 1270 tribunorum

239 1301 439 1349 potestas
479 1299 810 1339 restitueretur.
874 1299 1023 1347 Quum
1063 1304 1215 1351 patres
1255 1301 1468 1340 inanibus
1509 1300 1871 1340 contentionibus
1905 1304 2086 1350 tempus

239 1369 453 1413 tererent,
474 1367 532 1407 M.
560 1367 776 1415 Duillius,
796 1368 876 1419 qui
911 1368 1122 1407 tribunus
1154 1368 1300 1419 plebis
1336 1369 1500 1416 fuerat,
1525 1368 1728 1420 Plebejis
1759 1368 2004 1419 persuasit³
2036 1371 2087 1406 ut

238 1435 396 1473 urbem
415 1435 721 1486 relinquerent
738 1442 781 1474 et
798 1437 845 1474 in
861 1440 1060 1475 montem
1084 1435 1269 1475 Sacrum
1285 1437 1545 1488 migrarent.
1597 1436 1712 1475 Tum
1729 1437 1925 1485 demum,
1946 1449 2088 1488 quum

238 1512 366 1542 vasta
403 1503 528 1543 urbis
559 1504 754 1543 solitudo
783 1503 1085 1543 Patriciorum
1121 1505 1295 1544 animos
1331 1508 1615 1555 perterreret,
1641 1505 1783 1556 legati
1818 1505 1874 1544 ad
1907 1505 2088 1556 plebem

238 1572 367 1611 missi
389 1576 506 1612 sunt.
570 1572 630 1610 Hi
652 1585 794 1623 quum
816 1574 1094 1620 nuntiarent,
1117 1573 1395 1612 decemviros
1418 1586 1464 1613 se
1486 1574 1757 1625 magistratu
1778 1573 2022 1620 abdicasse,
2043 1577 2087 1612 et

239 1644 447 1679 senatum
470 1645 640 1680 ceteras
662 1641 808 1691 plebis
831 1642 1108 1681 conditiones
1130 1654 1282 1692 aequas
1305 1654 1403 1681 esse
1425 1646 1621 1689 censere,
1648 1646 1828 1682 summa
1851 1655 1952 1681 cum
1974 1642 2084 1681 laeti-

236 1709 302 1746 tia
319 1721 472 1747 omnes
493 1709 541 1746 in
562 1709 718 1747 urbem
743 1710 937 1759 regressi
959 1713 1078 1749 sunt.
1129 1709 1374 1760 Extemplo
1392 1710 1546 1748 decem
1561 1710 1735 1748 tribuni
1752 1710 1898 1761 plebis
1917 1711 2089 1762 eligun-

237 1779 326 1823 tur,
369 1776 415 1814 in
451 1775 524 1814 his
557 1780 688 1826 pater
722 1777 819 1827 ipse
840 1776 1069 1828 Virginiae.
1133 1777 1296 1816 Paucis
1318 1777 1477 1817 diebus
1508 1781 1610 1829 post
1640 1778 1687 1817 L.
1714 1777 1926 1817 Valerius
1947 1784 1992 1817 et
2020 1778 2080 1819 M.

238 1843 454 1882 Horatius
469 1845 674 1883 consules
690 1845 829 1884 creati
844 1849 964 1885 sunt.
996 1845 1168 1884 Eodem
1183 1858 1314 1891 anno,
1330 1847 1407 1896 qui
1424 1847 1514 1884 fuit
1529 1847 1872 1885 trecentesimus
1884 1847 2089 1896 quintus,

237 1912 314 1951 lex
336 1911 518 1951 Valeria
539 1912 632 1950 lata
655 1916 735 1960 est,
763 1916 814 1951 ut
835 1913 956 1963 quod
977 1913 1105 1964 plebs
1135 1914 1181 1952 in
1212 1914 1406 1953 comitiis
1427 1914 1611 1954 tributis
1641 1914 1888 1966 jussisset⁴‚
1910 1914 2089 1952 univer-

238 1992 341 2019 sum
373 1979 593 2031 populum
629 1984 818 2020 teneret.
882 1980 1059 2021 Deinde
1094 1982 1222 2032 plebs
1257 1986 1438 2032 tempus
1469 1983 1647 2021 venisse
1677 1983 1970 2029 existimavit,
1995 1994 2086 2032 quo

238 2048 416 2098 Appius
440 2048 660 2089 Claudius
682 2049 866 2100 dignam
890 2050 1135 2089 sceleribus
1166 2051 1260 2090 suis
1290 2063 1481 2101 poenam
1503 2049 1662 2089 daret5.
1725 2049 1885 2100 Itaque
1907 2050 2086 2100 publice

238 2121 476 2156 accusa-itus
499 2121 543 2156 et
564 2118 610 2155 in
632 2129 855 2156 carcerem
877 2118 1110 2170 conjectus
1134 2122 1214 2165 est,
1235 2119 1313 2157 ubi
1336 2124 1418 2158 sua
1439 2131 1486 2158 se
1506 2131 1646 2157 manu
1667 2119 1907 2158 interfecit.

237 2195 474 2229 Predicative
503 2197 661 2238 phrases
692 2206 733 2230 as
763 2206 986 2231 ABLATIVES
1017 2207 1234 2271 ABschUTE.
1283 2198 1401 2239 Study
1426 2198 1464 2239 ἐξ
1487 2199 1645 2232 178-185.
1704 2198 1861 2231 Review
1889 2198 2084 2231 Infinitive

1081 2249 1100 2272 c
1117 2249 1238 2273 auses.

292 2293 344 2333 V.
381 2294 682 2334 Decemvirali
703 2299 925 2346 potestate
947 2297 1141 2343 sublata,
1159 2297 1309 2335 omnia
1326 2297 1421 2335 fere
1441 2297 1546 2348 jura
1562 2297 1680 2335 inter
1696 2296 1914 2336 Patricios
1931 2296 2084 2335 Plebe-

237 2363 397 2414 josque
436 2368 613 2413 aequata
644 2368 785 2411 erant,
820 2368 981 2414 praeter
1014 2365 1091 2416 jus
1123 2364 1336 2403 connubii
1377 2368 1420 2402 et
1460 2364 1638 2402 aditum
1681 2364 1737 2402 ad
1777 2364 2077 2405 consulatum.

239 2431 340 2469 Non
362 2433 481 2470 enim
502 2432 665 2470 licebat
686 2431 860 2470 homini
881 2432 1085 2471 Patriciae
1106 2433 1254 2483 gentis
1276 2432 1509 2483 Plebejam
1532 2436 1720 2470 uxorem
1742 2432 1917 2478 ducere,
1938 2444 2084 2482 neque

239 2498 428 2550 Plebejo
450 2499 725 2539 Patriciam⁶.
790 2499 1032 2539 Consulem
1063 2505 1216 2539 autem
1247 2499 1343 2538 fieri
1374 2500 1542 2538 nemini
1578 2499 1742 2538 licebat
1762 2499 1850 2538 nisi
1871 2499 2078 2539 Patricio.

240 2568 369 2605 Anno
392 2567 517 2606 urbis
538 2569 852 2606 trecentesimo
873 2580 989 2606 nono
1012 2568 1056 2607 C.
1084 2567 1346 2619 Canulequ
1372 2568 1585 2606 tribunus
1615 2566 1775 2617 plebis,
1802 2567 2080 2618 rogationem

240 2635 294 2673 de
317 2635 537 2673 connubio
559 2634 858 2674 Patriciorum
881 2641 925 2674 et
946 2635 1238 2687 Plebejorum
1260 2635 1580 2686 promulgavit.
1644 2634 1742 2673 Etsi
1764 2635 1961 2681 Patricii,
1988 2647 2080 2673 con-

239 2703 379 2740 nubio
401 2714 503 2741 cum
524 2702 728 2754 Plebejis
752 2703 1046 2742 contaminari
1069 2704 1338 2755 sanguinem
1361 2716 1494 2743 Suum
1515 2703 1753 2754 putabant,
1781 2707 1932 2741 tamen
1955 2706 2083 2742 sena-

239 2773 315 2808 tus
350 2770 499 2821 legem
533 2769 588 2808 de
610 2771 833 2809 connubio
854 2771 963 2809 ferri
994 2783 1155 2821 passus
1186 2776 1266 2811 est.
1332 2771 1494 2811 Statim
1514 2783 1621 2809 vero
1653 2782 1677 2808 a
1706 2771 1902 2809 tribunis
1934 2770 2083 2820 plebis

241 2838 415 2888 rogatio
437 2838 724 2890 promulgata
746 2843 828 2886 est,
854 2843 904 2877 ut
938 2839 1133 2877 alterum
1171 2839 1401 2878 consulem
1433 2851 1488 2877 ex
1524 2838 1724 2889 Plebejis
1746 2839 1886 2877 creari
1908 2838 2076 2878 liceret.

283 2958 295 2980 ¹
323 2958 482 2991 Cnidum
498 2960 687 2998 ozeqosz'vm
704 2960 806 2991 dedit
821 2960 863 2991 vc
879 2960 1062 3000 &minem
1077 2960 1119 2992 in
1135 2960 1344 2992 seq-vitatem
1363 2960 1538 2993 assereret
1550 2968 1564 2998 ;
1589 2959 1646 2990 He
1658 2960 1815 2991 ordered
1833 2968 1904 2991 one
1917 2960 1958 2991 to
1971 2959 2082 2990 claim

239 2999 321 3031 that
339 2999 402 3030 the
416 2999 539 3036 virgin
558 3000 694 3033 should
710 3000 755 3031 he
769 3001 942 3033 declared
960 3002 1019 3033 his
1037 3002 1150 3033 slave.
1167 3020 1207 3024 —
1221 3002 1235 3022 2
1254 3001 1434 3033 Presided
1451 3009 1542 3032 over
1558 3001 1622 3032 the
1638 3000 1734 3032 trial.
1751 3018 1791 3023 —
1805 3001 1819 3022 ³
1834 3000 1987 3039 Plebejia
2000 3008 2081 3039 per-

240 3040 357 3073 suasit
376 3041 414 3072 ut
431 3041 687 3080 relinquerent,
707 3042 919 3084 persuaded
936 3042 999 3074 the
1017 3042 1217 3074 Plebeians
1234 3047 1273 3075 to
1290 3043 1405 3075 leave.
1422 3060 1463 3065 —
1476 3042 1490 3063 ⁴
1515 3041 1558 3074 Ut
1573 3043 1671 3081 quod
1689 3042 1788 3081 plebs
1802 3041 1973 3081 jussisset
1989 3042 2081 3072 ten&-

241 3083 306 3119 φεῖ,
323 3081 405 3113 that
418 3081 519 3113 what
538 3082 601 3114 the
617 3082 815 3114 Plebeians
832 3082 956 3115 would
974 3084 1133 3122 resolve,
1153 3083 1287 3115 should
1304 3083 1408 3116 bind.
1422 3102 1462 3106 —
1474 3082 1489 3103 ⁵
1507 3082 1648 3115 Should
1667 3082 1781 3114 suffer
1795 3091 1817 3114 a
1833 3081 2079 3122 punishment

243 3125 544 3156 commensurate
561 3123 652 3156 with
668 3123 728 3156 his
744 3123 888 3157 crimes.
903 3142 942 3148 —-
954 3125 969 3146 ⁶
987 3124 1066 3158 Nor
1081 3127 1121 3157 to
1136 3133 1158 3158 a
1173 3124 1352 3157 Plebeian
1370 3127 1409 3157 to
1425 3132 1550 3165 marry
1566 3132 1586 3156 a
1603 3123 1789 3156 Patrician
1807 3131 1966 3158 woman.
