2200 3519
603 209 768 247 LIBER
797 210 855 258 11,
886 206 951 246 29.
973 207 1040 248 30.
1123 200 1194 262 [A.
1229 211 1280 249 U.
1312 199 1432 262 5372]
1833 205 1931 255 161

87 349 287 398 consilia,
321 350 449 389 nullo
484 351 758 399 resistente¹,
798 365 958 392 rursus
989 353 1217 400 valebant,
1242 354 1307 393 ita
1342 360 1393 393 ut
1424 355 1667 404 Hannibal,
1694 361 1933 407 postquam

87 429 174 457 nec
202 417 404 466 Latinos,
426 431 508 458 nec
531 418 773 467 SamniteS,
794 433 877 460 nec
909 426 1080 461 ceteros
1113 422 1481 472 populiRomani
1509 426 1651 465 socios
1679 425 1766 464 fide
1797 425 1934 464 dimo-

83 485 206 526 vere⁹
225 491 414 537 poterat,
441 487 695 526 exercitum
717 488 764 526 in
785 488 977 528 hiberna
997 489 1256 529 ducendum
1279 491 1574 531 existimaret.

231 567 534 600 TnA'r·ct.AusEs
551 576 811 601 mrnonucnn
827 577 881 601 ΒΥ
897 570 1007 609 quod,
1027 570 1226 610 quominus
1241 571 1315 603 and
1333 571 1424 610 quin
1445 572 1578 613 (Study
1595 573 1634 614 ἓξ
1649 574 1823 613 389-393.)

136 623 278 664 XXX.
307 624 570 675 Insequenti
587 637 703 664 anno
725 627 831 664 novi
849 626 1071 673 consules,
1087 626 1132 666 C.
1156 627 1395 668 Terentius
1413 628 1554 668 Varro
1576 637 1619 669 et
1643 631 1686 670 L.
1721 631 1935 671 AEmilius

81 692 284 740 Paullus,
311 692 438 731 Fabii
460 694 710 732 exercitum
731 699 1015 744 acceperunt,
1041 695 1104 732 ita
1129 699 1176 733 ut
1198 696 1384 735 alternis
1415 697 1574 737 diebus
1604 702 1743 738 totius
1774 701 1936 738 exerci-

79 765 170 808 tus,
209 762 338 800 novis
373 761 623 800 delectibus
659 761 751 801 fere
783 762 1017 812 duplicati,
1056 763 1298 813 imperium
1337 769 1557 805 tenerent.
1617 766 1661 806 C.
1697 767 1935 807 Terentius

79 827 236 875 Varro,
256 829 326 868 vir
345 830 573 868 temerarii
602 830 772 881 ingenii
794 843 846 869 ac
866 831 1053 869 Minucii
1075 832 1252 878 similis,
1282 845 1461 884 semper
1490 833 1682 873 Fabium
1712 836 1936 886 vitupera-

78 901 221 945 verat,
246 897 362 948 quod
396 898 434 936 is
465 897 638 937 bellum
660 899 911 937 cunctando
941 898 1155 939 traheret.
1219 900 1492 940 promiserat
1524 902 1659 952 plebi,
1686 915 1732 941 se
1754 916 1843 953 quo
1864 904 1935 943 die

77 963 257 1005 hostem
297 965 486 1005 vidisset
526 965 896 1013 debellaturunfl,
940 979 1030 1017 qua
1070 968 1355 1018 potissimum
1393 970 1638 1020 jactatione
1685 971 1936 1021 permotus⁴

77 1036 274 1088 populus
309 1049 414 1076 eum
447 1036 680 1075 consulem
712 1040 954 1076 creaverat.
1032 1037 1198 1076 Contra
1232 1038 1445 1078 *Emilius
1485 1039 1612 1078 Fabii
1645 1041 1934 1090 potissimum

85 1104 313 1156 exemplo⁵
355 1105 442 1144 sibi
483 1105 654 1144 bellum
703 1105 954 1156 gerendum
1004 1119 1102 1145 esse
1143 1107 1364 1146 censebat.
1442 1107 1686 1155 Hannibal,
1734 1108 1932 1149 laetatus⁶

82 1173 201 1225 quod
225 1173 465 1212 Terentius
496 1174 582 1213 sibi
612 1173 899 1212 adversarius
931 1179 1050 1213 esset
1080 1175 1226 1222 datus,
1267 1180 1412 1214 castra
1442 1177 1633 1224 Cannas,
1668 1177 1724 1215 ad
1758 1178 1934 1228 Apuliae

77 1243 247 1289 vicum,
267 1242 424 1282 movit.
489 1242 733 1293 Extemplo
757 1242 965 1281 consules
995 1249 1261 1294 sequuntur.
1326 1244 1553 1284 Hannibal
1582 1258 1725 1296 quum
1746 1247 1793 1284 in
1822 1247 1931 1286 locis

79 1310 136 1349 ab
171 1311 268 1361 ipso
298 1310 354 1349 ad
384 1311 685 1362 pugnandum
717 1311 895 1350 selectis
916 1311 1118 1361 quotidie
1150 1314 1293 1351 aciem
1323 1313 1583 1361 instrueret,
1608 1315 1934 1365 pugnandique

83 1381 257 1431 copiam
305 1381 475 1419 faceret
523 1380 801 1427 consulibus,
854 1380 1067 1418 Himilius
1116 1393 1319 1431 pugnam
1373 1382 1743 1430 detrectandam⁷,
1788 1382 1933 1421 Varro

82 1449 236 1489 statim
276 1449 322 1487 in
362 1449 574 1499 proelium
606 1448 808 1487 eundum
848 1449 1151 1488 existimabat.
1227 1450 1411 1500 Aliquot
1451 1450 1611 1489 diebus
1642 1451 1932 1490 altercatione

82 1517 376 1568 consumptis,
402 1517 616 1556 AEmilius
637 1517 902 1565 Varronem,
929 1531 1066 1568 penes
1097 1531 1234 1568 quem
1266 1520 1366 1570 ejus
1399 1519 1489 1558 diei
1519 1519 1762 1569 imperium
1794 1525 1926 1568 esset,

77 1585 317 1637 prohibere
357 1598 446 1624 non
486 1586 650 1636 potuit,
690 1586 934 1636 quominus
975 1587 1123 1637 copias
1165 1599 1188 1626 e
1230 1588 1388 1626 castris
1438 1587 1647 1626 educeret
1695 1588 1928 1638 aciemque

82 1661 236 1693 contra
257 1653 563 1694 Hannibalem
584 1655 843 1694 instrueret.

131 1722 296 1775 Pugna
317 1723 478 1774 ingens
500 1724 683 1770 exarsit,
709 1724 756 1762 in
779 1735 869 1774 qua
890 1727 1013 1762 totus
1036 1724 1131 1762 fere
1149 1723 1380 1763 Romanus
1403 1725 1628 1763 exercitus
1651 1723 1828 1763 deletus
1850 1728 1930 1765 est.

81 1792 381 1844 Septuaginta
405 1793 548 1831 ferme
569 1792 715 1830 millia
736 1792 936 1830 militum
964 1791 1273 1832 Romanorum
1307 1805 1417 1831 caesa
1441 1805 1537 1832 esse
1559 1792 1785 1839 dicuntur,
1802 1794 1848 1831 in
1864 1792 1935 1832 his

83 1860 290 1900 AEmilius
330 1860 487 1899 consul
527 1865 571 1899 et
601 1861 831 1911 octoginta
881 1865 1126 1901 senatores.
1204 1861 1274 1899 Ex
1314 1861 1467 1900 Poenis
1498 1873 1584 1899 non
1621 1861 1817 1911 amplius
1857 1873 1936 1900 sex

76 1930 223 1969 millia
245 1929 514 1969 ceciderunt.
575 1928 739 1968 Decem
775 1929 922 1967 millia
954 1929 1275 1976 Romanorum,
1309 1931 1467 1969 castris
1504 1928 1727 1980 praesidio⁸
1761 1930 1935 1976 relicta,

75 2002 177 2050 post
198 2009 402 2050 pugnam
432 1998 488 2036 ab
518 1996 773 2036 Hannibale
805 2002 935 2047 capta
957 2003 1076 2036 sunt.
1135 1997 1277 2036 Varro
1299 1998 1457 2037 consul
1479 2010 1581 2036 cum
1602 1997 1936 2049 quinquaginta

78 2069 174 2108 fere
196 2068 426 2119 equitibus
440 2066 688 2106 Venusiam
710 2067 927 2119 perfugit.
990 2067 1199 2106 Dubitari
1223 2068 1299 2105 vix
1320 2072 1470 2118 potest
1491 2067 1600 2117 quin
1624 2066 1865 2114 Hannibal,
1892 2067 1931 2105 si

77 2137 327 2176 exercitum
345 2137 441 2175 sine
459 2139 584 2174 mora
606 2135 795 2174 Romam
813 2136 1033 2183 duxisset,
1056 2136 1214 2174 urbem
1233 2148 1392 2186 capere
1414 2135 1622 2185 potuerit.
1684 2133 1930 2179 Maherbal,

75 2205 322 2256 praefectus
362 2205 584 2255 equitum,
623 2217 679 2243 ne
718 2204 807 2243 diei
841 2205 1027 2254 quidem
1068 2205 1201 2244 fessis
1240 2204 1465 2242 militibus
1505 2204 1705 2253 quiEtem
1742 2202 1935 2240 dandam

78 2274 370 2313 existimavit.
439 2272 670 2324 “Sequere
691 2273 805 2320 me,''
827 2273 978 2323 inquit
1000 2273 1261 2319 Hannibali,
1285 2274 1313 2290 “
1332 2271 1425 2321 Eyo
1445 2283 1545 2310 eum
1566 2269 1783 2321 equitibus
1806 2281 1935 2321 prae-

76 2342 239 2382 cedam.
328 2340 394 2381 Ta
426 2353 525 2381 vero
553 2341 707 2393 quinto
735 2341 802 2381 die
841 2341 892 2381 in
919 2339 1129 2391 Capitolio
1158 2340 1447 2391 epulaberis.’'
1527 2338 1675 2386 Quum
1708 2338 1935 2376 Hannibal

77 2409 162 2449 1100
182 2410 422 2450 consilium
444 2410 744 2460 repudiasset,
767 2409 1000 2448 Maherbal
1023 2409 1193 2448 dixisse
1215 2409 1394 2455 dicitur,
1414 2411 1438 2427 “
1469 2407 1651 2449 Vincere
1672 2406 1785 2455 862'3⁹‚
1811 2407 1934 2446 Han-

76 2478 197 2518 nibal
212 2490 233 2528 ,·
263 2478 443 2518 victorici
464 2477 533 2518 uti
553 2478 733 2517 rneaez'a”
793 2478 971 2525 Quanta
993 2483 1160 2524 autem,
1187 2489 1413 2528 quamque
1443 2477 1595 2528 gravis
1625 2476 1764 2514 fuerit
1787 2475 1935 2514 clades

79 2546 342 2593 Cannensis,
367 2547 440 2585 vel
475 2559 530 2585 ex
561 2545 645 2586 eo¹⁰
679 2551 867 2597 apparet
897 2546 1016 2597 quod
1048 2546 1157 2585 fides
1188 2546 1425 2592 sociorum,
1465 2558 1563 2595 quae
1596 2544 1650 2582 ad
1682 2556 1784 2582 eum
1815 2543 1934 2581 diem

79 2610 206 2650 firma
236 2616 437 2662 steterat,
480 2616 580 2651 tum
617 2612 771 2650 Iabare
808 2612 953 2661 coepit.
1031 2611 1188 2649 Omnis
1223 2611 1318 2649 fere
1354 2609 1500 2656 Italia,
1540 2613 1700 2659 praeter
1734 2607 1935 2652 Latilios,

79 2675 411 2730 Neapolitanos,
437 2692 488 2719 ac
509 2693 672 2731 paucas
692 2680 868 2730 Apuliae
890 2683 934 2718 et
953 2679 1128 2730 Magnae
1151 2678 1330 2718 Graeciae
1353 2678 1575 2722 civitates,
1596 2688 1621 2713 a
1645 2675 1856 2714 Romanis
1878 2674 1934 2713 ad

78 2744 377 2787 Hannibalem
400 2748 583 2787 defecit.
648 2747 775 2799 Ipsos
797 2751 951 2786 autem
974 2747 1198 2785 Romanos
1221 2745 1368 2785 clades
1391 2744 1639 2783 Cannensis
1662 2756 1749 2781 non
1772 2743 1927 2793 fregit.

77 2816 156 2856 sed
190 2818 347 2856 erexit.
410 2816 654 2866 Extemplo
694 2816 897 2855 delectus
935 2815 1136 2861 habitus,
1165 2826 1410 2864 omnesque
1443 2813 1682 2863 junioresu
1715 2811 1770 2849 ab
1803 2810 1934 2848 annis

119 2933 131 2955 ¹
150 2933 324 2966 without
347 2943 419 2975 any
443 2936 550 2966 one's
575 2933 805 2974 opposition.
825 2932 892 2955 ——2
910 2932 1041 2964 Divert
1059 2932 1152 2963 from
1171 2930 1268 2962 their
1291 2929 1511 2967 allegiance.
1529 2947 1569 2951 —
1582 2927 1596 2949 ³
1609 2927 1708 2960 That
1731 2926 1777 2958 he
1808 2924 1932 2956 would

77 2973 188 3007 nnish
206 2976 270 3008 the
286 2984 361 3007 war
377 2985 424 3008 on
443 2977 506 3008 the
523 2985 614 3015 very
631 2975 703 3015 day
722 2974 828 3006 when
856 2975 902 3005 110
920 2973 1043 3005 would
1061 2973 1107 3003 be
1132 2972 1167 3004 in
1189 2972 1287 3006 „eight
1306 2971 1348 3003 os
1367 2970 1433 3003 the
1450 2979 1596 3009 enemy.
1611 2968 1768 3016 '‘.⁴Th0
1786 2965 1932 3006 people,

76 3015 210 3057 chiefly
232 3017 394 3050 induced
418 3017 468 3058 by
489 3017 565 3059 this
591 3017 711 3049 boast.
739 3016 811 3047 had
837 3019 906 3047 etc.
934 3013 1108 3054 (literally
1134 3013 1309 3053 “chiefly
1333 3012 1495 3044 induced
1519 3012 1568 3051 by
1586 3010 1711 3042 which
1736 3009 1842 3041 boasr
1864 3007 1934 3059 Ἰ1110

104 3057 212 3097 eople
241 3059 315 3091 had
348 3061 448 3095 etc.).
462 3078 503 3082 —
515 3060 529 3080 ⁵
547 3058 763 3096 According
781 3062 818 3088 to
837 3059 900 3088 the.
918 3056 1105 3096 example.
1120 3074 1159 3078 —
1171 3056 1185 3075 ὅ
1200 3054 1408 3094 Rojuicing.
1424 3072 1462 3076 —
1475 3054 1487 3074 ⁷
1504 3052 1648 3093 Supply
1679 3060 1761 3084 esse.
1778 3069 1816 3072 —
1829 3049 1843 3070 Β
1857 3051 1928 3080 boe

111 3099 184 3132 239·
198 3119 239 3124 —
251 3101 265 3121 ⁹
278 3101 296 3141 ἐ
307 3101 403 3140 2542
415 3101 543 3141 <know
556 3100 672 3141 how).
687 3099 892 3134 -101'eleae
902 3107 952 3138 eo,
966 3098 1101 3138 chiefly
1113 3098 1206 3129 from
1218 3097 1282 3129 the
1296 3096 1382 3129 fact.
1398 3113 1438 3118 —
1452 3096 1482 3117 1¹
1496 3095 1556 3128 All
1569 3094 1630 3127 the
1641 3101 1769 3134 young
1780 3089 1929 3132 people.
