2200 3519
245 184 346 236 154
691 197 854 234 LIBER
890 197 948 245 11,
976 193 1040 233 23.
1067 192 1132 232 24.
1217 185 1287 247 [A.
1315 199 1367 236 U.
1394 183 1625 246 488-497.]

242 338 401 389 populi
436 337 627 377 Romani
661 338 790 376 fidem
831 342 1024 388 acceptae
1057 336 1196 377 sunt1.
1257 336 1499 383 Hannibal,
1538 337 1751 387 Gisgonis
1786 336 1969 383 filius‚a
1999 335 2080 374 Ro-

243 410 377 444 mano
400 406 583 444 consule
605 406 661 444 ad
683 406 988 457 Agrigentum
1011 406 1231 453 devictus,
1252 406 1441 456 ipsaque
1477 405 1586 444 urbs
1608 406 1653 443 vi
1675 409 1804 455 capta
1834 408 1877 443 et
1908 404 2084 454 direpta

243 478 326 513 est.
386 473 506 513 Victi
530 486 575 512 se
597 475 643 512 in
666 480 796 512 navis
818 486 923 513 suas
945 476 1225 523 receperunt,
1252 485 1444 522 quarum
1465 485 1682 523 magnum
1713 485 1953 510 numerum
1985 471 2083 510 Car-

245 541 557 592 thaginienses
578 541 818 581 habebant.
878 540 1004 580 Ι11(102
1025 540 1218 580 Romani
1238 540 1681 590 intellexere‚impar
1702 541 1799 578 fore
1822 540 1918 579 sine
1940 540 2083 578 classe

244 614 488 649 certamen.
550 609 730 649 Placuit-
751 610 895 660 igitur
925 609 1102 649 senatui
1124 620 1260 659 quam
1290 607 1506 647 maxima?
1530 609 1759 647 celeritate
1791 608 1979 647 classem
2009 607 2084 646 du-

245 682 479 716 centarum
501 679 689 717 navium
711 677 936 716 aedificari.
998 676 1245 728 Sexaginta
1266 677 1425 716 diebus
1447 675 1632 727 quibus⁴
1653 676 1769 715 silva
1786 688 1897 715 caesa
1915 676 2080 721 fuerat,

244 750 425 784 centum
447 746 633 797 triginta
654 746 842 784 navium
878 745 1034 784 classis
1065 746 1111 783 in
1141 745 1350 785 anchoris
1381 744 1538 785 stetit⁵.
1598 744 1750 783 Naves
1772 752 1938 790 autem,
1965 747 2084 782 nova

243 817 431 861 ratione,
456 815 668 853 manibus
703 815 879 860 ferreis,
913 814 993 863 qui
1026 812 1312 864 harpagones
1347 813 1626 860 dicebantur,
1665 816 1904 852 exstructae
1940 816 2078 851 erant.

243 883 326 923 His
348 885 395 922 in
415 883 618 921 hostium
641 886 772 921 navis
794 883 992 933 injectis,
1013 881 1232 921 classiarii
1254 893 1335 932 per
1351 886 1535 931 pontem
1553 881 1801 920 demissum
1815 880 2085 929 transibant,

244 956 287 990 et
323 956 555 1002 tamquam
590 952 637 989 in
666 955 789 989 terra
821 963 923 989 cum
955 949 1165 988 hostibus
1200 950 1480 1001 pugnabant.
1540 949 1636 988 Hac
1669 949 1809 988 classe
1847 948 2003 987 consul
2034 948 2079 988 C.

244 1019 446 1058 Duillius
468 1018 864 1069 Carthaginienses
886 1018 1169 1056 nobilissimo
1191 1018 1348 1056 navali
1370 1017 1543 1067 proelio,
1566 1029 1683 1055 anno
1714 1017 1839 1055 urbis
1875 1016 2082 1066 quadrin-

243 1088 499 1139 gentesimo
534 1087 825 1136 nonagesimo
846 1086 995 1132 tertio,
1018 1085 1074 1123 ad
1096 1085 1243 1136 Mylas
1266 1086 1448 1125 devicit.
1513 1085 1564 1123 In
1585 1085 1803 1125 honorem
1833 1083 1978 1136 hujus
1998 1085 2085 1124 vic-

244 1156 369 1194 toriae
393 1159 580 1194 senatus
603 1155 862 1193 columnam
893 1167 949 1192 ex
981 1166 1205 1193 marmore
1235 1153 1368 1192 Pario
1397 1154 1504 1204 poni
1533 1154 1686 1205 jussit,
1712 1166 1810 1204 quae
1843 1165 1898 1191 ex
1929 1153 2085 1192 rostris

245 1224 430 1262 navium
454 1222 668 1262 Rostrata
689 1223 935 1273 appellata,
961 1223 1017 1261 ad
1047 1222 1169 1261 hunc
1199 1234 1344 1272 usque
1375 1222 1493 1260 diem
1525 1219 1791 1272 permanet?
1855 1220 2083 1260 Hannibal

244 1292 337 1330 dux
367 1292 627 1338 Poenorum,
648 1292 768 1330 victa
801 1291 959 1339 classe,
987 1292 1058 1330 cui
1090 1292 1351 1342 praefuerat,
1382 1303 1408 1328 a
1442 1290 1667 1330 militibus
1700 1291 1794 1330 suis
1826 1290 1874 1328 in
1905 1302 2082 1329 crucem

242 1360 430 1399 adactus
457 1360 556 1399 est⁷.

298 1428 697 1480 Carthaginienses
720 1441 774 1467 ex
807 1432 945 1479 gente
976 1427 1248 1466 Phoenicum
1280 1427 1500 1478 originem
1532 1427 1779 1473 duxerunt,
1805 1426 1924 1466 unde
1955 1426 2084 1465 Poeni

242 1496 463 1546 appellati
485 1501 603 1536 sunt.
669 1497 862 1535 Centum
886 1497 982 1535 fere
997 1496 1128 1534 annis
1143 1499 1246 1534 ante
1262 1495 1451 1533 Romam
1469 1495 1707 1542 conditam,
1730 1494 1844 1533 Dido
1867 1495 2086 1534 coloniam

243 1577 299 1602 ex
322 1564 453 1615 Tyro,
475 1564 728 1603 clarissima
758 1564 1030 1603 Phoenicum
1061 1564 1260 1611 civitate,
1286 1564 1333 1601 in
1364 1564 1568 1602 Africam
1599 1563 1842 1602 deduxisse
1872 1563 2079 1603 traditur.

242 1632 312 1670 Ad
333 1644 456 1670 oram
484 1633 622 1671 maris
653 1632 974 1671 Mediterranei
1005 1632 1165 1670 urbem
1190 1632 1401 1679 condidit,
1427 1644 1564 1682 quam
1587 1630 1906 1682 Carthaginem
1934 1631 2084 1682 appel-

242 1699 368 1739 lavit.
433 1700 539 1738 Haec
562 1701 668 1739 urbs
691 1701 957 1739 commercio
979 1701 1222 1746 maritimo,
1249 1704 1292 1738 et
1313 1700 1500 1738 navium
1529 1712 1718 1737 numero
1749 1704 1791 1738 et
1821 1700 2083 1749 praestantia

242 1767 355 1806 alias
390 1771 538 1806 omnis
572 1769 781 1807 civitates
816 1769 944 1807 brevi
979 1773 1183 1818 tempore
1218 1769 1465 1818 superavit.
1531 1767 1582 1805 In
1618 1768 1829 1807 omnibus
1866 1768 1960 1806 fere
1995 1768 2084 1806 oris

242 1835 438 1874 habebat
479 1836 690 1883 colonias,
731 1849 785 1875 ex
827 1837 994 1887 quibus
1029 1837 1262 1887 ingentem
1302 1842 1526 1886 quaestum
1569 1840 1761 1886 ceperat.
1838 1835 2083 1875 Poenorum

243 1904 409 1942 classes
431 1905 642 1943 omnibus
664 1905 868 1944 maribus
890 1905 1194 1955 imperabant,
1222 1908 1264 1942 et
1288 1905 1607 1943 commercium
1631 1916 1733 1942 cum
1768 1904 2081 1943 remotissimis

243 1973 504 2023 regionibus
535 1971 818 2012 tuebantui·.⁸
876 1972 928 2011 In
961 1972 1113 2011 Sicilia
1134 1977 1300 2019 autem,
1326 1972 1478 2011 insula
1500 1972 1672 2010 divitiis
1707 1972 1929 2022 cujusque
1950 1983 2083 2022 gene-

242 2042 304 2080 ris
326 2041 603 2088 abundante,
620 2041 747 2080 Poeni
770 2046 1003 2091 tamquam
1024 2042 1071 2079 in
1088 2041 1220 2079 domo
1243 2045 1325 2079 sua
1342 2041 1514 2079 versari
1531 2038 1771 2086 soleba11t⁹‚
1792 2039 2083 2090 quamobrem

241 2111 410 2149 mirum
434 2123 530 2149 esse
554 2123 640 2149 non
664 2115 812 2161 potest
835 2111 871 2149 si
894 2110 1120 2149 Romanos
1143 2114 1321 2149 summa
1343 2109 1510 2146 virium
1541 2108 1827 2147 contentione
1847 2107 1950 2146 inde
1971 2106 2084 2158 deji-

242 2177 375 2217 cere¹⁰
400 2178 655 2218 studebant.

735 2237 890 2270 TENSEs
914 2236 1132 2270 continued.
1180 2235 1350 2276 (Review
1369 2234 1407 2276 ἐς
1423 2235 1597 2274 334-336.)

297 2294 458 2334 XXIV.
495 2293 629 2334 Anno
651 2295 777 2334 urbis
808 2294 1252 2345 quadringentesimo
1274 2292 1569 2341 nonagesimo
1591 2291 1782 2341 septimo
1804 2294 1988 2329 senatus
2010 2302 2080 2329 ex-

242 2363 431 2401 ercitum
452 2362 754 2413 quadraginta
779 2363 977 2401 millium
1006 2362 1206 2400 militum
1229 2361 1341 2399 duce
1364 2359 1422 2399 M.
1450 2359 1589 2397 Atilio
1616 2358 1790 2409 Regulo
1812 2359 1858 2397 in
1879 2359 2078 2397 Africam

241 2430 380 2475 misit,
401 2436 450 2468 ut
471 2430 641 2468 bellum
675 2442 776 2468 cum
809 2430 961 2468 Poenis
995 2429 1040 2466 in
1073 2429 1166 2467 suis
1202 2426 1398 2466 finibus¹¹
1423 2431 1670 2478 gereretur.
1735 2425 1777 2465 Is
1806 2426 2083 2478 Carthagini-

243 2509 371 2536 enses
403 2497 586 2548 quidem
619 2497 791 2548 aliquot
822 2497 994 2548 proeliis
1015 2497 1136 2543 vicit,
1172 2496 1249 2534 sed
1279 2508 1304 2534 a
1335 2495 1600 2545 Xanthippo
1631 2495 1977 2542 Lacedaemonio,
2003 2495 2081 2544 qui

242 2565 393 2604 Poenis
415 2565 585 2603 auxilio
605 2565 771 2604 missus
793 2568 901 2614 erat,
923 2565 1042 2615 apud
1064 2564 1287 2603 Tune-{tem
1308 2565 1470 2612 victus,
1493 2569 1535 2602 et
1557 2564 1652 2613 ipse
1670 2564 1802 2602 vivus
1821 2568 1979 2613 captus
1996 2566 2074 2601 est.

243 2632 420 2671 Interea
442 2633 644 2671 Caecilius
666 2632 878 2671 Metellus
910 2633 955 2670 in
987 2632 1139 2671 Sicilia
1162 2632 1322 2670 Poenos
1344 2632 1399 2670 ad
1421 2632 1696 2670 Panormum
1726 2632 1899 2682 ingenti
1930 2635 2078 2681 strage

242 2701 421 2740 vicerat.
486 2700 579 2739 Hac
601 2700 723 2739 clade
753 2701 948 2750 permoti
978 2700 1370 2751 Carthaginienses
1400 2712 1555 2750 pacem
1586 2712 1612 2737 a
1642 2704 1801 2738 senatu
1833 2699 2075 2749 petierunt,

242 2767 493 2818 legatisque
515 2769 609 2808 suis
641 2768 867 2819 Regulum
890 2772 1119 2818 captivum
1147 2767 1470 2818 adjunxerunt,
1499 2772 1547 2805 ut
1578 2771 1784 2805 senatum
1814 2766 2080 2804 auctoritate

243 2840 325 2875 sua
348 2836 403 2874 ad
425 2848 578 2885 pacem
604 2835 868 2883 faciendam,
895 2841 973 2874 aut
1004 2836 1041 2875 si
1072 2836 1117 2873 id
1145 2834 1328 2873 minus¹2
1349 2839 1514 2885 posset,
1541 2834 1597 2872 ad
1619 2833 1957 2872 commutandos
1980 2844 2077 2882 cap-

287 2931 298 2950 ¹
319 2930 429 2961 Were
452 2930 636 2961 admitted
659 2929 742 2961 into
767 2930 830 2961 the
854 2929 1011 2961 alliance
1037 2929 1222 2967 (received
1240 2937 1378 2969 among
1395 2930 1459 2961 the
1477 2929 1596 2967 allies)
1611 2929 1653 2959 os
1673 2929 1737 2960 the
1761 2929 1907 2960 Roman
1925 2928 2074 2967 people.

243 2970 434 3002 —2From
461 2971 538 3002 this
564 2971 651 3001 fact.
668 2989 709 2993 —
723 2971 736 2992 ³
755 2971 859 3003 Rem.
881 2972 950 3003 147.
967 2989 1006 2993 --
1019 2971 1032 2991 ⁴
1051 2971 1155 3002 Rem.
1186 2971 1255 3002 141.
1275 2989 1315 2993 —-
1332 2970 1346 2990 ⁵
1366 2970 1455 3001 Was
1482 2970 1595 3009 ready
1614 2970 1797 3006 (moored)
1816 2972 1854 3000 at
1879 2970 2078 3000 31101101.-

245 3011 290 3051 θὲ
306 3013 377 3044 330.
391 3011 455 3034 —⁷
474 3012 559 3043 Was·
576 3011 699 3043 nailed
716 3014 755 3044 to
773 3013 836 3044 the
855 3021 968 3044 01055.
990 3012 1054 3034 -8
1076 3012 1345 3043 commercium
1363 3012 1568 3047 luebantur,
1587 3020 1682 3042 were
1701 3011 1861 3043 irading.
1881 3029 1919 3032 —
1937 3009 1951 3030 ⁹
1969 3009 2077 3041 Were

246 3057 348 3084 nont
367 3056 405 3085 to
422 3056 491 3085 act.
513 3071 550 3075 ——
570 3054 600 3074 ¹⁰
618 3053 673 3084 Το
692 3053 809 3094 expel.
828 3071 866 3076 —
883 3054 912 3074 ¹¹
931 3053 974 3085 In
993 3052 1090 3086 their
1106 3061 1191 3085 own
1210 3057 1381 3093 country.
1400 3070 1441 3075 —
1459 3052 1490 3073 ¹2
1509 3052 1544 3084 If
1559 3052 1605 3084 he
1623 3051 1734 3084 could
1752 3054 1817 3083 not
1834 3051 1882 3083 do
1901 3060 1955 3084 50.
