2200 3519
524 210 690 249 LIBER
715 212 773 262 11,
801 214 868 256 35.
906 214 973 254 36.
1055 203 1125 264 [A.
1155 212 1206 250 U.
1239 209 1330 249 541.
1351 202 1472 263 542]
1840 204 1942 257 167

97 347 252 383 Review
269 350 472 392 Temporal
489 353 647 387 Clauses
663 355 695 396 (ἓ
712 354 810 395 394);
836 352 1217 436 5i3n5091(§c.33²i}1²sf251(}§
1233 354 1306 387 395.
1320 354 1409 393 396),
1425 353 1498 386 and
1522 353 1739 394 Participial
1754 358 1944 387 construo-

151 447 334 489 XXXV.
371 450 492 490 Dum
531 453 580 491 in
621 452 776 492 Sicilia
815 451 1047 503 Syracfisae
1082 464 1108 490 a
1148 451 1362 491 Marcello
1396 452 1674 500 obsidentur,
1714 452 1941 491 Hannibal

98 517 280 556 felicius
302 530 438 568 quam
461 521 667 570 proximo
687 519 823 559 anno¹
846 519 1021 559 bellum
1043 521 1088 558 in
1111 518 1245 558 Italia
1276 520 1434 571 gessit,
1460 519 1620 571 quum²
1641 520 1830 560 Romani
1851 521 1942 560 bel-

94 583 191 624 lum
214 586 360 625 tribus
382 591 426 626 et
448 588 615 639 viginti
637 588 909 640 legionibus,
931 588 1122 626 diversis
1143 587 1253 626 locis
1275 587 1545 637 distribi’itis,
1566 593 1787 640 gererent.
1842 589 1943 640 Sep-

93 653 204 691 timo
222 653 330 692 belli
352 667 470 694 anno
487 655 716 695 Hannibal
734 656 981 695 Tarentum
998 656 1129 707 cepit,
1151 655 1478 694 nobilissimam
1495 661 1594 694 tum
1613 657 1941 696 maritimarum

94 721 138 759 in
163 720 296 761 Italia
317 723 513 764 urbium.
578 725 846 764 Praesidium
882 729 1036 763 tamen
1071 725 1118 762 in
1154 736 1301 763 arcem
1325 724 1545 776 confi-igit,
1566 737 1717 775 quam,
1744 738 1885 776 quum
1917 738 1942 764 a

93 788 153 828 M.
181 789 309 829 Livio
342 791 591 832 fortissime
622 793 963 841 defenderem&
989 792 1220 831 Hannibal
1253 793 1427 832 frustra
1459 798 1646 832 conatus
1677 798 1744 832 est
1775 806 1942 845 expug-

93 862 211 897 nare.
276 858 448 900 Deinde
470 860 789 912 Metapontum
814 861 1081 912 Thuriique,
1105 861 1239 900 urbes
1261 860 1317 899 ad
1340 861 1490 900 sinum
1512 861 1810 900 Tarentinum
1832 862 1940 909 sitae,

91 925 148 965 ad
169 926 472 968 Hannibalem
494 929 716 970 defecere.
776 930 845 968 Ita
865 935 959 969 tota
982 930 1076 968 fere
1098 942 1175 968 ora
1194 928 1334 968 Italiae
1355 929 1602 977 inferioris,
1628 943 1727 980 quae
1749 929 1806 968 ad
1826 931 1937 969 occi-

92 994 275 1034 dentem
298 997 438 1036 solem
461 997 715 1048 spectaret³‚
741 999 786 1037 in
810 1002 1083 1048 potestatem
1114 997 1386 1036 Hannibalis
1407 998 1545 1037 venit.
1609 997 1781 1036 Eodem
1812 1010 1930 1037 anno

94 1063 162 1103 Ti.
185 1064 430 1113 Gracchus,
457 1078 559 1104 cum
583 1070 735 1105 turma
758 1067 963 1117 equitum
986 1066 1033 1104 in
1054 1063 1248 1104 insidias
1263 1065 1457 1112 illectus,
1484 1078 1585 1104 cum
1609 1066 1703 1105 suis
1726 1067 1937 1105 interfec-

93 1137 169 1172 tus
190 1138 270 1172 est.
334 1133 720 1173 Intereasenatus
741 1134 786 1181 Q.
811 1134 1028 1172 Fulvium
1049 1134 1261 1172 Flaccum
1285 1139 1327 1172 et
1350 1134 1547 1184 Appium
1570 1133 1812 1172 Claudium
1835 1147 1935 1173 con-

94 1201 216 1240 sules
249 1214 351 1240 cum
387 1209 604 1252 quattuor
635 1203 905 1253 legionibus,
945 1203 1001 1240 ad
1034 1201 1234 1252 Capuam
1276 1202 1519 1240 Hannibali
1554 1202 1846 1252 eripiendam,
1891 1203 1939 1241 in

89 1269 381 1320 Campaniam
411 1271 607 1310 miserat.
672 1271 846 1309 Horum
867 1271 1094 1309 exerciti-is
1115 1269 1357 1317 Hannibal,
1382 1271 1458 1320 qui
1490 1271 1668 1321 magnis
1698 1270 1938 1309 itineribus

88 1338 238 1389 copias
260 1351 363 1377 suas
384 1342 511 1378 trans
533 1340 826 1389 Apenninum
857 1338 1123 1384 adduxerat,
1145 1339 1230 1377 sub
1260 1339 1370 1389 ipsis
1402 1338 1565 1388 Capuae
1590 1339 1732 1377 muris
1755 1338 1938 1377 adortus

89 1411 170 1446 est.
225 1407 403 1445 Acriter
420 1408 648 1457 utrimque
665 1407 720 1445 ad
742 1411 932 1453 noctem,
953 1419 1080 1457 aequo
1100 1407 1194 1445 fere
1214 1406 1388 1452 Marte&
1406 1411 1664 1457 pugnatum
1687 1412 1768 1446 est.
1831 1406 1939 1445 Con-

87 1476 211 1514 sules
233 1480 385 1514 tamen
407 1476 666 1526 insequenti
696 1480 824 1514 nocte
855 1475 1046 1513 diversis
1077 1475 1315 1513 itineribus
1346 1474 1567 1513 abierunt.
1631 1474 1779 1521 Quum
1796 1486 1938 1513 vacua

87 1549 231 1583 castra
246 1543 553 1583 Romanorum
571 1556 667 1582 esse
690 1543 951 1582 nunti-<itum
970 1542 1214 1581 Hannibali
1231 1546 1363 1591 esset,
1378 1542 1577 1592 Appium
1594 1542 1759 1580 institit
1776 1541 1936 1592 sequi⁵.

87 1611 184 1660 Ille,
204 1612 431 1651 simul-<itis
443 1611 702 1650 itineribus⁶
719 1611 1020 1649 Hannibalem
1035 1623 1179 1661 usque
1196 1610 1251 1648 ad
1269 1609 1380 1649 fines
1392 1609 1679 1649 Lucanorum
1692 1611 1847 1656 traxit,
1859 1610 1939 1648 ubi

86 1679 145 1721 M.
173 1680 418 1719 Centenius
440 1679 614 1719 Penula
635 1692 737 1719 cum
760 1680 955 1719 sedecim
976 1679 1182 1718 millibus
1204 1679 1512 1718 Romanorum
1535 1683 1579 1717 et
1601 1679 1823 1717 sociorum
1846 1690 1936 1717 cas-

86 1753 156 1787 tra
176 1748 385 1788 habebat.
448 1747 586 1787 Hunc
620 1747 848 1786 Hannibal
870 1760 926 1786 ex
946 1747 1128 1786 itinere⁷
1150 1747 1349 1794 adortus,
1375 1752 1523 1785 totum
1554 1746 1649 1785 fere
1681 1746 1937 1785 Romanum

86 1817 336 1856 exercitum
359 1829 463 1856 cum
483 1817 582 1866 ipso
603 1816 716 1855 duce
739 1817 947 1864 concidit,
976 1820 1024 1854 ut
1045 1828 1100 1854 ex
1121 1820 1249 1854 tanta
1270 1815 1568 1853 multitudine
1591 1816 1667 1854 vix
1690 1815 1816 1853 mille
1838 1828 1938 1854 eva-

85 1884 255 1924 derent.
292 1883 464 1922 Deinde
486 1884 532 1922 in
554 1884 768 1934 Apuliam
787 1889 932 1923 castra
953 1884 1111 1931 movit,
1132 1883 1210 1922 ubi
1228 1883 1305 1922 Cn.
1330 1883 1520 1921 Fulvius
1536 1888 1699 1933 praetor
1717 1895 1817 1921 cum
1835 1883 1938 1921 duo-

85 1952 307 2004 deviginti
329 1952 534 1991 millibus
554 1952 755 1990 militum
773 1951 829 1990 ad
852 1951 1136 1990 Herdoneam
1161 1956 1305 1990 castra
1325 1955 1552 2001 posuerat.
1589 1951 1708 1989 Male
1729 1963 1754 1988 a
1776 1950 1935 1990 Roma-

86 2021 157 2060 nis
192 2018 480 2073 pugnatum⁰‚
519 2024 563 2059 et
603 2020 730 2059 ducis
764 2021 944 2059 inscitia
980 2025 1024 2058 et
1060 2021 1245 2071 ignavia,
1274 2020 1488 2058 militum.
1549 2019 1638 2057 Vix
1670 2019 1758 2057 duo
1794 2019 1938 2058 millia

87 2089 393 2127 Romanorum
416 2101 472 2128 ex
504 2089 598 2128 acie
621 2094 874 2128 evaserunt.
939 2088 1118 2127 Interea
1149 2088 1324 2138 Appius
1347 2087 1563 2126 Claudius
1586 2092 1629 2126 et
1652 2087 1698 2134 Q.
1727 2087 1933 2135 Fulvius,

87 2157 144 2196 ad
176 2158 377 2208 Capuam
412 2157 618 2208 regressi,
651 2169 698 2195 se
720 2169 823 2195 011111
859 2156 1036 2195 Claudii
1067 2156 1260 2195 Neronis
1281 2156 1483 2194 exercitu
1505 2156 1849 2206 conjunxerant,
1875 2156 1938 2194 ita

88 2230 140 2264 ut
162 2226 334 2265 obsidio
354 2226 501 2264 tribus
537 2225 828 2272 exercitibus,
849 2225 1039 2263 diversis
1061 2237 1115 2263 ex
1138 2223 1378 2274 partibus⁹‚
1406 2223 1544 2263 fieret.
1610 2223 1732 2262 Urbe
1765 2223 1934 2274 duplici

85 2294 207 2333 vallo
238 2295 452 2345 fossaque
484 2294 774 2340 circumdata,
795 2293 1028 2344 Campani,
1055 2305 1106 2332 ea
1136 2305 1271 2343 opera
1303 2294 1474 2331 frustra
1504 2291 1745 2343 prohibere
1775 2293 1938 2340 conati,

84 2362 259 2415 legatos
279 2363 337 2401 ad
359 2362 660 2401 Hannibalem
682 2363 884 2409 mittunt,
910 2363 989 2412 qui
1010 2366 1189 2401 orarent
1212 2366 1262 2399 ut
1283 2373 1414 2411 opem
1436 2360 1627 2400 obsessae
1650 2361 1751 2398 urbi
1775 2360 1930 2400 ferret.

85 2458 261 2492 OBJECTS
285 2467 336 2491 01⁸
359 2467 475 2491 pmcn:
501 2459 533 2501 (ξ
551 2459 633 2497 284;
659 2459 702 2492 R.
722 2459 888 2496 iate-150:
913 2458 953 2499 ἐξ
968 2459 1140 2495 289-292).
1186 2458 1342 2490 Reviow
1360 2456 1586 2490 Gerundials
1604 2457 1655 2498 (§§
1672 2458 1846 2497 tna-328),
1863 2457 1937 2490 and

654 2500 930 2541 Interrogative
948 2501 1103 2532 Clauses
1121 2499 1173 2540 (ἐξ
1189 2501 1262 2532 356.
1282 2500 1369 2539 357).

143 2557 349 2597 XXXVI.
385 2557 488 2596 Jam
510 2570 589 2595 ver
609 2558 853 2608 appetebat
875 2558 982 2595 anni
1006 2556 1187 2603 DXLII,
1213 2569 1354 2607 quum
1385 2555 1612 2594 Hannibal
1635 2568 1770 2606 quam
1799 2556 1937 2594 maxi-

85 2625 203 2665 mis¹⁰
227 2628 376 2677 potuit
401 2626 641 2665 itineribus
670 2626 716 2663 in
749 2626 1042 2675 Campaniam
1079 2624 1319 2663 contendit.
1394 2624 1445 2662 In
1477 2624 1594 2662 valle
1625 2624 1800 2662 occulta
1835 2628 1936 2674 post

63 2710 66 2713 ·
88 2694 241 2733 Tifata
281 2699 494 2741 montem,
538 2694 852 2732 imminentem
890 2692 1102 2743 Capuae¹¹,
1143 2692 1358 2731 consedit.
1423 2692 1537 2729 Tum
1574 2691 1934 2729 circumsidentis

87 2761 288 2812 Capuam
319 2763 544 2800 exercitus
574 2761 757 2799 adortus
789 2766 869 2807 est,
902 2761 1145 2811 praemissis
1177 2758 1381 2798 nuntiis¹²
1416 2760 1462 2797 in
1499 2759 1672 2805 urbem,
1699 2765 1749 2796 ut
1774 2758 1942 2816 eodem·

89 2835 293 2879 tempore
327 2830 504 2880 eruptio
538 2842 592 2867 ex
630 2829 794 2879 oppido
829 2828 1040 2866 omnibus
1077 2828 1215 2877 copiis
1253 2827 1392 2865 fieret.
1456 2826 1717 2876 Pugnatum
1753 2830 1820 2863 est
1855 2826 1934 2864 diu

132 2925 141 2946 ¹
162 2924 250 2956 Last
267 2934 367 2964 year.
382 2925 448 2947 —2
467 2925 672 2963 Although.
687 2943 726 2947 —
739 2924 751 2945 ³
770 2924 850 2955 The·
871 2923 991 2953 whole
1010 2929 1173 2953 western
1193 2927 1296 2953 coast
1316 2921 1486 2953 oflowur
1504 2921 1610 2960 Italy.
1624 2940 1664 2943 —
1681 2921 1694 2942 ⁴
1714 2920 1887 2952 Witbout
1903 2928 1924 2951 a

87 2965 244 2998 decided
279 2966 506 3006 superiority
535 2968 577 2997 os
611 2964 743 2997 either.
762 2984 803 2988 —
823 2965 837 2985 ⁵
856 2965 912 2996 He
944 2963 1102 2995 decided
1134 2972 1180 2994 on
1209 2964 1394 3003 pursning
1425 2962 1582 3002 Appius.
1606 2981 1641 2984 —-
1662 2963 1675 2982 θ
1693 2962 1747 3002 By
1778 2961 1930 3001 fcigned

87 3007 265 3039 marcnes.
281 3008 347 3030 —⁷
367 3008 422 3040 On
452 3009 509 3039 bis
536 3008 754 3039 marein—‘⁷³
773 3007 852 3038 Τ110
880 3007 1045 3037 Romans
1073 3004 1146 3037 lost
1169 3005 1233 3036 the
1259 3004 1387 3036 battle.
1402 3004 1467 3026 —9
1487 3006 1544 3035 On
1569 3004 1739 3036 different
1761 3003 1871 3034 sides.
1892 3021 1931 3026 —

88 3048 122 3070 ¹⁰
139 3048 183 3081 R.
215 3050 285 3081 197.
305 3067 345 3072 —
363 3049 393 3070 ²²
415 3049 456 3080 In
486 3049 550 3081 the
580 3048 801 3080 immediate
830 3046 1117 3088 neighborhood
1147 3046 1189 3077 of
1221 3047 1349 3085 Capua
1380 3045 1557 3086 (literally
1592 3048 1614 3061 ⁶⁴
1629 3044 1812 3086 towering
1843 3052 1932 3076 over

90 3089 281 3131 Capua'').
293 3090 379 3114 —12
392 3091 500 3123 After
517 3090 678 3131 sending
696 3090 858 3129 (before)
876 3098 897 3120 a
915 3097 1086 3129 message
1102 3087 1185 3120 into
1203 3087 1267 3119 the
1283 3087 1374 3127 city.
