2200 3519
234 240 334 291 120
707 254 872 291 LIBER
907 254 942 301 1,
984 250 1127 292 10-12.
1220 239 1289 304 [A.
1330 253 1379 290 U.
1433 239 1607 302 38-81.]

237 391 478 432 duodecim
500 398 670 432 mensis
691 392 747 430 ad
768 392 887 431 lunae
909 404 1068 432 cursus
1089 391 1340 442 descripsit,
1365 391 1428 430 ita
1449 394 1499 430 ut
1520 403 1662 431 annos
1684 390 1940 432 solstitialis
1960 404 2080 431 men-

234 460 359 501 sibus
379 460 726 500 intercalaribus
756 460 1016 510 compleret.
1079 459 1251 498 Deinde
1274 472 1343 498 res
1365 460 1542 499 divinas
1565 460 1810 500 constituit.
1876 459 2079 512 Singulis

233 528 329 568 deis
365 529 616 569 sacerdotes
651 529 875 577 attribuit,
900 529 975 579 qui
1008 528 1213 568 flamines
1242 528 1604 579 appellabantur.
1668 528 1921 567 Flaminem
1950 527 2080 568 Jovis

232 597 401 648 insigni
422 601 548 637 veste
569 601 613 636 et
635 597 749 637 sella
770 597 918 636 curuli
938 597 1185 636 adornavit.
1243 595 1486 648 Virginum
1503 595 1756 635 Vestalium
1780 596 2080 636 sacerdotium

234 678 288 704 ex
321 666 440 704 Alba
474 666 521 704 in
556 666 788 705 civitatem
822 666 1087 705 introduxit.
1153 665 1416 705 Sacerdotes
1454 664 1597 704 Salios
1633 664 1758 716 legit.
1821 664 1913 705 Hos
1942 665 2080 717 jussit

233 734 365 773 certis
386 734 666 785 temporibus
689 734 881 774 caelestia
901 746 1039 784 arma,
1065 747 1164 785 quae
1186 733 1351 773 ancilia
1372 733 1736 784 appellabantur,
1757 745 1859 772 cum
1890 732 2081 773 solemni

232 801 402 842 saltatu
424 815 504 852 per
520 803 679 841 urbem
698 803 830 842 ferre.
885 802 1127 842 Pontifices
1149 802 1259 840 fecit
1276 802 1503 841 antistites
1522 802 1726 840 omnium
1746 802 1919 840 rituum
1940 805 2082 842 sacr&-

231 882 348 910 rum.
412 870 566 909 Numa
593 875 802 911 mortuus
836 875 904 911 est
937 883 1080 921 quum
1113 874 1205 910 tres
1236 873 1280 908 et
1306 869 1608 921 quadraginta
1641 881 1781 910 annos
1811 881 1892 920 per
1926 881 2082 920 pacem

232 950 479 989 perennem
502 943 748 991 regnasset.

482 1019 638 1052 Review
654 1020 797 1061 gender
814 1020 888 1052 and
905 1020 1128 1060 adjectives,
1148 1019 1221 1052 and
1239 1019 1353 1059 stucly
1369 1019 1406 1060 ἐξ
1423 1019 1547 1059 51-55;
1573 1018 1591 1059 ἓ
1609 1018 1671 1051 102
1687 1027 1695 1058 ;
1719 1018 1737 1059 ς
1755 1018 1826 1052 106.

285 1076 362 1116 ΧΙ.
399 1076 572 1116 Deinde
589 1077 754 1116 Tullus
776 1077 1000 1117 Hostilius
1021 1089 1100 1116 rex
1117 1089 1143 1114 a
1159 1076 1328 1127 populo
1345 1080 1523 1115 creatus
1541 1079 1623 1122 est,
1639 1076 1718 1126 qui
1739 1076 2081 1127 rempublicam,

230 1157 355 1184 more
391 1144 589 1192 Romuli,
628 1145 739 1184 belli
774 1146 920 1197 magis
955 1157 1093 1196 quam
1125 1145 1251 1196 pacis
1285 1145 1462 1184 artibus
1496 1143 1784 1196 gubernavit.
1846 1143 1981 1184 Huic¹
2001 1157 2081 1185 rex

234 1213 356 1252 Albae
378 1212 542 1264 Longae
562 1213 735 1252 bellum
758 1214 936 1253 indixit.
1000 1213 1146 1260 Quum
1176 1214 1272 1265 jam
1293 1212 1391 1251 duae
1413 1213 1530 1252 acies
1552 1212 1607 1250 ad
1628 1224 1829 1263 pugnam
1850 1213 2081 1253 instructae

231 1286 396 1330 essent,
421 1282 594 1333 placuit
616 1282 809 1321 ducibus
839 1286 967 1321 atrox
997 1282 1083 1321 hoc
1102 1282 1276 1321 bellum¹
1297 1281 1542 1321 certamine
1565 1281 1788 1332 singulari
1809 1282 1949 1320 trium
1979 1281 2080 1321 ado-

229 1351 501 1391 lescentium
524 1351 776 1391 decernere.
839 1351 973 1390 Forte
1003 1351 1051 1389 in
1081 1350 1260 1389 duobus
1282 1349 1558 1388 exercitibus
1580 1353 1707 1388 erant
1729 1350 1961 1400 trigemini
1990 1350 2079 1388 fra-

229 1423 339 1466 tres,
363 1424 497 1459 aetate
528 1424 572 1458 et
601 1420 775 1459 viribus
806 1431 951 1470 pares.
1014 1419 1162 1458 Alteri
1192 1418 1369 1457 Horatii
1391 1417 1683 1465 vocabantur,
1710 1417 1842 1456 alteri
1872 1417 2076 1458 Curiatii.

232 1486 305 1528 Illi
340 1488 388 1526 in
423 1489 625 1527 exercitu
662 1488 864 1527 Romano
894 1491 1036 1533 erant,
1065 1487 1115 1526 hi
1146 1488 1192 1526 in
1223 1487 1427 1526 exercitu
1462 1485 1651 1525 Albano,
1712 1485 1933 1525 Convenit
1963 1486 2082 1525 inter

230 1556 368 1596 duces
405 1560 456 1595 ut
486 1560 579 1596 tres
615 1556 793 1595 Horatii
824 1569 926 1595 cum
962 1556 1112 1595 tribus
1149 1555 1364 1594 Curiatiis
1397 1553 1688 1606 pugnarent&
1720 1553 1948 1604 ducesque
1984 1565 2082 1593 sese

231 1624 528 1676 jurejurando
550 1625 878 1672 astrinxerunt,
904 1628 956 1663 ut
985 1625 1024 1663 is
1054 1624 1252 1674 populus
1282 1635 1363 1674 pro
1385 1623 1503 1662 victo
1524 1620 1660 1661 esset³
1684 1621 1817 1673 cujus
1848 1621 1968 1660 cives
1996 1619 2084 1660 hoc

230 1694 475 1732 certamine
505 1693 669 1733 devicti
706 1693 869 1732 forent.
933 1692 1043 1731 Tres
1081 1692 1277 1744 juvenes
1311 1691 1359 1729 in
1393 1690 1543 1729 locum
1578 1689 1780 1728 medium
1814 1690 1934 1728 inter
1968 1689 2082 1728 duas

229 1761 348 1801 acies
386 1762 617 1812 utrimque
655 1761 919 1812 procadunt.
996 1760 1187 1812 Signum
1228 1759 1373 1805 datur,
1409 1762 1452 1797 et
1492 1758 1647 1797 statim
1688 1769 1814 1795 arma
1854 1756 2083 1808 fulgentia

231 1829 510 1880 increpuere.
566 1829 674 1868 Mox
696 1829 785 1868 duo
802 1828 994 1868 Romani
1011 1828 1296 1879 exspirantes
1313 1829 1591 1866 corruerunt.
1648 1825 1738 1864 Uni
1762 1824 1946 1863 Horatio
1963 1836 2083 1864 nunc

230 1902 324 1938 tres
346 1897 537 1936 Curiatii
559 1898 847 1937 obstiterunt.
912 1895 1000 1937 Sed
1022 1896 1212 1935 Curiatii
1234 1908 1390 1934 omnes
1424 1897 1688 1944 acceperant
1709 1893 1913 1941 vulnera,
1938 1904 2083 1943 quum

231 1979 393 2018 corpus
415 1972 552 2006 unius
574 1967 834 2017 superstitis
856 1965 1035 2004 Horatii
1056 1965 1287 2015 integrum
1309 1961 1456 2003 esset⁴.

603 2047 862 2079 Commmson
885 2054 935 2078 OF
960 2046 1224 2079 ADJECTIVES.
1273 2043 1407 2084 (Study
1424 2044 1441 2084 ἓ
1458 2044 1520 2083 ’ἵΟ;
1546 2043 1583 2084 ἓξ
1599 2042 1730 2082 Ἷ5-81.)

285 2102 389 2144 XII.
424 2103 642 2143 Horatius
677 2107 796 2142 certe
830 2103 1052 2142 infirmior
1087 2106 1182 2141 erat
1213 2114 1350 2152 quam
1381 2106 1473 2139 tres
1505 2100 1694 2138 Curiatii
1726 2097 1969 2149 conjuncti,
2003 2095 2083 2137 sed

230 2173 334 2225 plus
355 2172 556 2223 pollebat
572 2184 710 2223 quam
733 2171 903 2223 singuli
926 2172 1026 2223 ejus
1044 2170 1303 2209 adversarii.
1358 2168 1638 2219 Desperabat
1657 2167 1753 2218 jam
1776 2166 2082 2205 Romam-irum

237 2241 464 2280 exercitus
485 2252 627 2290 quum
650 2240 858 2280 vidarent
880 2239 993 2278 duos
1016 2238 1290 2278 fortissimos
1311 2237 1503 2287 juvenes
1524 2235 1654 2274 humi
1678 2235 1883 2286 jacentis.
1947 2231 2076 2273 Sum-

235 2321 309 2348 mo
339 2321 440 2348 cum
473 2308 638 2359 gaudio
659 2307 952 2347 exsultabant
974 2307 1152 2345 Albani.
1211 2304 1274 2344 At
1296 2303 1539 2344 consilium
1561 2315 1612 2341 ac
1631 2303 1779 2341 virtus
1801 2301 1966 2340 eximia
1995 2299 2081 2338 Ho-

235 2377 338 2415 ratii
356 2377 578 2427 majorem
594 2388 836 2414 numerum
854 2375 1217 2414 adversariorum
1235 2373 1413 2411 irritum
1434 2371 1640 2410 reddidit.
1696 2369 1900 2420 Capessit
1918 2368 2077 2419 fugam

238 2449 289 2483 ut
311 2443 560 2495 separaret⁵
587 2448 675 2483 tres
697 2443 933 2483 Curiatios.
997 2442 1057 2481 Hi
1079 2446 1336 2492 sequuntur
1356 2439 1608 2478 Horatium.
1669 2436 1714 2477 Is
1736 2437 1868 2488 cujus
1889 2436 2082 2475 vulnera

232 2512 405 2552 levi6ra
431 2512 635 2559 fue-irunt,
660 2511 940 2562 praecedebat
973 2511 1139 2549 fratres
1176 2520 1308 2555 su0s;
1347 2507 1475 2554 alter,
1494 2505 1780 2558 gravioribus
1813 2504 2081 2544 vulneribus

234 2580 439 2626 affectus,
455 2580 659 2631 longiere
675 2578 918 2617 intervallo
929 2578 1210 2628 sequebatur
1230 2591 1238 2626 ;
1259 2577 1436 2623 tertius,
1456 2575 1534 2626 qui
1552 2574 1750 2613 maxime
1768 2573 1948 2613 saucius
1971 2572 2075 2619 fuit,

234 2648 500 2699 longissimo
540 2648 686 2698 spatio
725 2659 751 2685 a
790 2647 949 2686 ceteris
987 2646 1173 2685 relictus
1213 2644 1508 2684 claudicabat.
1570 2641 1729 2681 Subito
1769 2640 1984 2679 Horatius
2030 2640 2079 2677 in

234 2717 493 2767 proximum
516 2715 767 2754 Curiatium
805 2726 852 2754 se
879 2715 1113 2761 convertit,
1134 2725 1333 2764 eumque
1356 2711 1491 2751 facile
1513 2709 1720 2750 conficit⁶.
1784 2708 1913 2747 Alter
1933 2707 2082 2746 Curia·

234 2785 343 2828 tius,
364 2784 496 2823 fratri
518 2795 649 2833 opem
681 2783 800 2821 ferre
830 2782 1050 2833 cupiens⁷,
1071 2794 1167 2821 sero
1188 2780 1386 2820 advenit.
1449 2778 1584 2818 Brevi
1605 2776 1846 2816 certamine
1875 2774 2082 2814 interfec-

233 2857 309 2891 tus
331 2856 411 2892 est.
474 2851 591 2889 Tum
613 2850 829 2890 Horatius
859 2851 1046 2889 tertium
1067 2849 1319 2888 Curiatium
1340 2847 1538 2898 petebat,
1563 2845 1642 2895 qui
1662 2843 1968 2883 miserrimum
1989 2852 2080 2880 cor-

233 2933 320 2972 pus
350 2932 485 2959 suum
517 2920 680 2969 impari
711 2931 875 2970 pugnae
909 2918 1089 2958 obtulit.
1149 2916 1290 2956 Nullo
1312 2912 1511 2966 negotio‘3
1539 2913 1596 2951 ab
1617 2911 1803 2951 Horatio
1833 2922 1973 2950 caesus
1994 2911 2074 2949 est.

277 3016 290 3037 ¹
310 3014 418 3053 Huic,
437 3014 589 3053 against
604 3014 695 3045 him.
708 3013 775 3036 ——2
793 3013 934 3045 Should
951 3012 1055 3053 fight.
1071 2998 1139 3036 -3
1160 3011 1195 3043 Is
1212 3010 1372 3051 populus
1381 3016 1453 3050 pro
1468 3008 1563 3040 viclo
1577 3008 1673 3040 esset.
1694 3005 1775 3038 that
1790 3004 1927 3044 people
1943 3001 2080 3035 should

234 3057 281 3087 bc
299 3055 522 3087 considered
547 3064 588 3086 as
611 3055 838 3094 conqucred.
853 3072 893 3077 -
907 3054 921 3075 ⁴
944 3054 1067 3098 Quum
1081 3061 1228 3092 eorpus.
1243 3078 1249 3083 .
1262 3051 1379 3087 asset,
1399 3049 1510 3081 while
1528 3048 1591 3080 the
1608 3047 1721 3086 body.
1734 3054 1859 3094 ...was
1874 3063 1914 3091 7—
1929 3044 2012 3091 ⁵·Uc
2027 3052 2078 3076 se-

230 3097 397 3138 pararet,
425 3096 459 3126 in
487 3095 598 3127 order
622 3097 663 3127 to
681 3098 864 3135 separate.
882 3113 922 3119 --
936 3096 951 3116 ⁶
967 3095 1055 3127 And
1078 3094 1195 3134 easily
1212 3092 1333 3125 killed
1349 3091 1439 3123 him.
1456 3108 1496 3113 —
1509 3090 1524 3110 ⁷
1544 3089 1659 3121 Ferre
1674 3095 1833 3128 cupwns,
1855 3086 2017 3126 wishing
2038 3087 2078 3117 to

237 3147 353 3178 carry.
373 3156 413 3161 —
429 3137 444 3158 8
463 3137 637 3169 Without
653 3146 725 3177 any
743 3137 935 3176 difficulty.
