2200 3519
208 221 310 274 126
651 235 816 273 LIBER
851 236 889 285 1,
927 231 1074 272 23-05.
1158 223 1229 286 [A.
1270 234 1322 273 U.
1363 222 1587 288 175-200]

209 374 397 414 bantur1.
442 375 513 414 Ex
536 376 684 426 prima
705 376 847 416 classe
867 377 1098 428 octoginta
1116 377 1310 417 confecit
1329 377 1554 417 centurias
1577 391 1586 425 ;
1609 389 1664 416 ex
1686 378 1883 419 secunda
1903 378 2044 419 classe

206 444 372 495 viginti
394 444 619 482 centurias
638 458 647 491 ;
676 444 866 483 totidem
888 457 944 483 ex
965 445 1102 484 tertia
1122 449 1166 484 et
1189 450 1362 496 quarta.
1421 445 1491 484 Ex
1513 447 1673 496 quinta
1693 446 1834 487 classe
1855 448 2045 499 triginta

193 509 421 550 ⁴centuriae
458 512 587 550 factae
610 516 728 552 sunt.
793 511 930 551 Sexta
964 513 1135 560 classis,
1161 525 1258 563 quae
1290 514 1506 553 immunis
1536 514 1702 554 militia
1732 519 1840 562 erat,
1863 528 1918 554 ex
1953 521 2045 555 una

207 581 408 621 centuria
443 581 685 620 constabat.
747 580 837 620 Eos
858 581 936 632 qui
970 581 1019 619 in
1054 581 1138 620 hac
1170 581 1327 621 infima
1356 583 1558 622 centuria
1593 587 1758 630 essent,
1780 584 2046 634 proletarios

206 650 280 689 vel
302 650 446 700 capite
468 662 624 689 censos
645 650 918 700 appellabat.
982 650 1064 689 His
1096 651 1311 690 centuriis
1343 650 1512 702 adjecit
1539 651 1650 690 duas
1683 652 1863 690 fabrum
1895 656 2046 691 centu-

206 719 309 765 rias,
331 726 374 756 et
404 722 487 757 tris
517 718 808 765 cornicinum,
837 719 1109 766 tubicinum,
1137 722 1181 758 et
1217 724 1521 767 accensorum,
1548 723 1599 759 ut
1634 732 1815 760 summa
1844 721 2047 760 omnium

207 787 516 826 centuriarum
538 790 656 826 esset
678 790 861 825 centum
885 788 1131 838 nonaginta
1152 792 1358 838 quatuor.
1421 788 1516 827 Hoc
1538 801 1669 828 censu
1709 789 1883 828 factum
1905 793 1973 829 est
1995 793 2045 828 ut

206 854 425 906 suffragia
445 860 602 895 eorum
633 855 712 905 qui
733 855 780 893 in
801 855 1096 894 inferioribus
1132 856 1354 895 classibus
1390 860 1555 904 essent,
1580 857 1727 896 multo
1757 858 1909 897 minus
1930 859 2050 899 vale-

205 927 304 961 rent
326 935 462 973 quam
484 923 703 974 suffragia
725 926 991 963 ceterorum.
1049 923 1181 971 Nam,
1208 928 1258 962 ut
1280 924 1430 964 Cicero
1452 925 1529 972 ait,
1554 926 1602 963 in
1630 930 1723 965 una
1758 927 1963 966 centuria
1991 939 2049 967 ex

205 992 453 1042 nonaginta
475 1004 552 1030 sex
584 992 876 1031 inferioribus
909 993 1127 1032 centuriis
1159 992 1315 1043 plures
1351 993 1471 1032 cives
1506 994 1806 1034 censebantur
1836 1007 1973 1045 quam
2001 996 2049 1034 in

204 1059 352 1109 prima
372 1059 514 1098 classe
535 1063 641 1099 tota..

204 1150 390 1183 Pansa-NT
408 1160 561 1183 SYSTEM
578 1160 720 1184 Ac'rrvss
737 1160 786 1184 01⁷·
804 1152 962 1184 SECOND
989 1152 1285 1185 OONJUGATION.
1347 1152 1482 1192 (Learn
1507 1153 1707 1186 Paradiem
1733 1154 1776 1186 os
1802 1153 1866 1186 the
1891 1154 2048 1187 Present

566 1197 709 1234 system
725 1194 849 1226 active
866 1194 907 1226 of
922 1196 1078 1234 monere,
1097 1194 1179 1226 first
1197 1194 1362 1234 column,
1381 1194 1399 1235 ξ
1417 1195 1488 1231 116,
1506 1203 1543 1234 p.
1562 1196 1694 1243 34-39.)

259 1248 422 1289 XXIV.
458 1248 513 1289 In
553 1263 691 1289 censu
721 1263 857 1301 quem
894 1250 1111 1301 1111111111112
1151 1251 1331 1290 Tullius
1370 1251 1584 1298 habebat,
1633 1253 1862 1303 octoginta
1899 1253 2047 1292 millia

206 1318 374 1357 civium
397 1330 528 1357 censa
550 1331 648 1357 esse
670 1319 897 1359 dicuntur.
947 1319 1094 1359 Censu
1112 1319 1331 1370 perfecto³
1355 1319 1518 1358 collem
1540 1318 1825 1371 Quirinalem
1846 1324 1891 1359 et
1910 1320 2051 1360 Vimi-

205 1386 357 1425 11515111
378 1385 480 1425 urbi
501 1386 687 1434 addidit,
709 1390 752 1425 et
775 1388 934 1426 urbem
955 1399 1134 1438 aggere,
1156 1388 1305 1437 fossis,
1332 1391 1375 1426 et
1402 1400 1532 1426 muro
1554 1388 1861 1428 circumdedit.
1919 1388 2048 1428 Bella

205 1455 346 1506 gessit
378 1455 597 1495 adversus
632 1454 841 1505 Vejentis
878 1458 921 1493 et
956 1455 1070 1494 alias
1105 1458 1255 1505 gentis
1296 1454 1524 1494 Etruscas.
1601 1454 1788 1503 Deinde,
1831 1457 2046 1506 quoniam

206 1526 390 1563 senatus
411 1522 723 1561 tantummodo
745 1523 1014 1561 auctorit-fite
1035 1523 1269 1574 regnabat,
1298 1523 1519 1573 populum
1550 1523 1606 1562 ad
1636 1524 1814 1562 comitia
1837 1529 2046 1564 convoca-

204 1591 285 1638 vit,
312 1595 363 1629 ut
384 1591 438 1629 de
460 1592 606 1641 ipsius
628 1590 786 1641 regno⁴
824 1591 1038 1641 suffragia
1075 1591 1260 1631 ferrent.
1320 1591 1549 1630 Consensu
1579 1592 1781 1630 omnium
1802 1605 1881 1631 rex
1904 1592 2046 1632 decla-

205 1663 333 1697 ratus
355 1662 435 1698 est.
494 1658 675 1697 Tullius
695 1659 790 1709 jam
813 1662 945 1696 antea
966 1658 1079 1697 duas
1102 1658 1219 1696 filias
1241 1671 1346 1698 suas
1367 1658 1602 1709 Tarquinii
1623 1660 1741 1710 regis
1762 1659 1885 1708 filiis,
1910 1660 2048 1700 Lucio

205 1730 342 1777 atque
364 1727 543 1773 Arnnti,
564 1728 611 1765 in
643 1727 982 1765 matrimonium
1018 1726 1216 1774 dederat,
1242 1739 1297 1765 ne
1333 1726 1566 1776 Tarquinii
1600 1727 1757 1766 eadem
1778 1729 1824 1766 111
1847 1741 1892 1767 55
1915 1729 2047 1768 aude-

205 1799 319 1841 rent,
360 1807 457 1845 quae
494 1795 606 1833 Anci
642 1795 773 1834 liberi
809 1795 854 1833 in
890 1795 1189 1845 Tarquinium
1226 1794 1433 1833 Priscum
1454 1799 1840 1845 perpetraverant.
1899 1796 2049 1836 Aruns

205 1864 329 1902 mitis
351 1864 522 1914 ingenii
542 1864 726 1914 juvenis
747 1867 841 1902 erat
866 1878 874 1909 ;
906 1863 1071 1902 Lucius
1093 1868 1246 1901 autem
1278 1863 1477 1902 ferocem
1508 1867 1551 1902 et
1581 1863 1816 1902 ardentem
1845 1864 2049 1903 animum

205 1930 417 1971 habebat.
477 1931 586 1970 Duae
621 1931 798 1977 Tulliae,
838 1931 940 1970 filiae
973 1932 1106 1982 regis,
1129 1935 1172 1969 et
1203 1930 1328 1981 ipsae⁵
1362 1931 1495 1982 longe
1525 1930 1728 1981 dispares
1756 1935 1883 1970 erant
1912 1932 2044 1970 inori-

204 1998 320 2040 busss.
382 1999 468 2039 Sed
488 2000 550 2038 ita
571 2000 791 2038 acciderat
813 2004 863 2038 ut
886 2000 1052 2038 Lucius
1080 2000 1253 2046 mitem,
1280 1999 1431 2038 Aruns
1455 1999 1653 2037 ferocem
1684 2004 1876 2038 uxorem
1912 1999 2046 2039 habe-

205 2071 285 2107 ret.
349 2068 495 2109 Ferox
531 2068 681 2106 Tullia
715 2068 948 2115 Aruntem,
975 2072 1192 2106 maritum
1229 2079 1378 2114 51111111,
1406 2067 1662 2117 spernebat,
1689 2068 1853 2106 sororis
1882 2071 2036 2106 autem

205 2138 356 2176 virum
379 2149 554 2177 summe
576 2137 899 2176 admirabatur.
959 2137 1110 2175 Facile
1131 2136 1254 2175 hunc
1274 2136 1330 2174 ad
1350 2136 1682 2175 atrocissimum
1701 2135 1849 2175 scelus
1870 2147 2050 2186 persua-

205 2205 352 2253 debat,
374 2209 424 2244 ut
446 2210 489 2244 et
513 2210 703 2244 uxorem
726 2210 769 2244 et
794 2205 982 2244 fratrem
1005 2205 1059 2243 de
1081 2204 1228 2243 medio
1249 2204 1443 2243 tolleret.
1492 2203 1742 2254 Postquam
1764 2202 1849 2242 hoc
1872 2204 2048 2243 facinus

204 2278 518 2323 perpetratum
558 2277 641 2321 est,
680 2274 849 2313 Lucius
890 2273 1165 2324 Tarquinius
1205 2277 1249 2311 et
1290 2271 1442 2310 Tullia
1480 2272 1698 2322 improbis
1740 2272 1915 2322 nuptiis
1945 2272 2048 2323 jun-

204 2347 391 2394 guntur.

246 2423 400 2456 Review
418 2431 596 2455 PRESENT
612 2431 765 2455 srs'rmr
781 2431 831 2454 OF
849 2422 898 2454 Π.
918 2428 1205 2455 00111051111011,
1223 2419 1297 2451 and
1314 2418 1498 2451 Absolute
1515 2417 1737 2457 Adjectives
1756 2417 1809 2458 (ἓὲ
1825 2419 2000 2457 304-306).

247 2479 397 2510 RrLr-:sz
417 2479 445 2510 1.
474 2478 690 2519 Questions,
709 2478 818 2509 when
844 2477 908 2508 the
931 2485 1077 2508 answcr
1096 2477 1117 2491 “
1131 2485 1195 2515 yos
1210 2475 1233 2488 '¹
1259 2483 1300 2506 or
1332 2476 1354 2490 “
1368 2483 1418 2505 no
1431 2474 1452 2488 ''
1479 2473 1511 2505 15
1528 2473 1726 2513 expected,
1744 2482 1807 2505 are
1824 2473 2049 2506 introduced

203 2520 253 2559 by
270 2519 535 2558 interrogative
566 2519 752 2559 particlcs,
773 2518 892 2549 which
924 2527 985 2550 are
1016 2517 1227 2549 redundant
1259 2516 1296 2547 in
1321 2515 1503 2554 English:
1531 2516 1561 2552 1)
1587 2523 1706 2556 necm,·
1730 2516 1763 2550 ’2)
1789 2523 1841 2552 ne,
1863 2515 1985 2547 which
2011 2515 2044 2547 is

205 2561 338 2592 affixed
356 2566 396 2592 to
415 2561 478 2592 the
494 2562 575 2592 first
592 2561 694 2592 word
714 2562 755 2591 os
778 2560 841 2591 the
867 2564 1058 2591 sentence.
1109 2561 1131 2574 ‘⁶
1146 2558 1217 2591 Not
1232 2558 1253 2572 '³
1286 2557 1325 2588 in
1357 2556 1553 2596 questions
1579 2556 1611 2587 is
1635 2556 1840 2595 emur-seed
1864 2556 1913 2596 by
1932 2564 2050 2588 nonne

206 2602 239 2642 (ξ
255 2603 417 2635 fiber—2.
451 2601 582 2645 Quum,
607 2602 716 2633 when
741 2601 892 2637 (while).
912 2601 944 2632 is
969 2599 1185 2641 frequently
1204 2598 1381 2630 followed
1397 2598 1445 2638 by
1462 2606 1483 2630 a
1499 2597 1589 2630 verb
1612 2597 1653 2629 in
1676 2597 1740 2629 the
1758 2605 2045 2638 SUBJUNCTIVE,

203 2643 327 2675 which
344 2643 375 2675 is
392 2644 532 2684 always
550 2643 732 2675 rendered
750 2643 797 2682 by
814 2651 861 2674 an
880 2642 1036 2682 English
1054 2649 1302 2673 1Nn1CA‘r1vn.

259 2709 397 2749 XXV.
434 2710 604 2748 Deinde
634 2711 774 2760 impia
805 2709 955 2748 Tullia
990 2709 1191 2746 animum
1214 2707 1366 2745 mariti
1395 2706 1489 2745 dies
1519 2709 1762 2755 noctesque
1795 2705 2043 2756 instigabat

204 2781 256 2816 ut
287 2790 424 2829 regno
454 2779 688 2828 potiretur.
753 2778 870 2816 Tum
901 2777 1174 2826 Tarquinius
1206 2776 1442 2814 circumire
1471 2774 1605 2823 coepit
1640 2773 1687 2811 in
1708 2772 1862 2812 domos
1884 2773 2046 2823 prim&-

204 2857 317 2884 rum.
393 2845 622 2896 Imprimis
657 2858 745 2892 eos,
766 2857 878 2896 quos
915 2844 1189 2894 Tarquinius
1229 2846 1356 2893 pater
1391 2841 1492 2893 ejus
1528 2841 1574 2878 in
1611 2844 1821 2879 senatum
1856 2839 2042 2890 legerat,

205 2915 469 2954 admonebat
492 2915 632 2964 patris
654 2915 791 2953 5111111
822 2926 895 2952 eos
925 2913 1204 2952 meritorum.
1269 2911 1392 2950 Alios
1424 2921 1516 2959 spe,
1542 2908 1654 2947 alios
1685 2908 1813 2946 donis
1844 2907 2048 2946 concili-Ct-

249 3037 259 3058 1
278 3037 376 3068 tho
392 3045 489 3067 were
507 3036 683 3068 assessori
701 3038 748 3068 at.
764 3036 830 3058 —2
848 3036 892 3067 In
909 3036 972 3067 the
990 3036 1072 3067 first
1101 3042 1238 3066 census
1257 3031 1378 3064 which
1396 3030 1544 3063 Tullius
1561 3029 1650 3061 held
1668 3029 1843 3068 (litei-ally
1872 3029 1895 3045 “
1915 3029 1956 3060 In
1974 3029 2038 3060 the

205 3086 339 3110 census
356 3077 478 3109 which
495 3078 642 3109 'Pullius
667 3077 754 3109 held
779 3085 820 3108 as
847 3078 910 3108 the
935 3077 1018 3108 first
1032 3076 1084 3111 ”L
1098 3094 1138 3098 —
1152 3075 1165 3096 ²
1186 3075 1293 3106 After
1317 3074 1380 3105 the
1397 3080 1534 3104 census
1560 3071 1632 3103 had
1649 3071 1746 3103 been
1763 3069 1991 3112 completed.
2003 3086 2040 3094 -

206 3119 221 3141 ⁴
238 3119 347 3158 Upon
363 3119 422 3151 his
439 3128 521 3152 own
538 3119 640 3158 right
657 3121 696 3151 to
712 3119 776 3151 the
794 3119 941 3151 throne.
956 3117 1013 3141 ——5
1029 3117 1079 3150 ΕΔ
1094 3116 1207 3158 ipsae,
1226 3114 1412 3148 likewise.
1430 3132 1470 3136 —
1487 3113 1502 3133 ⁶
1519 3112 1564 3144 In
1581 3112 1788 3145 character.
