2200 3519
266 236 366 287 142
702 254 865 290 LIBER
902 255 958 306 11,
1001 250 1063 290 10.
1101 250 1162 290 11.
1227 244 1297 306 [A.
1335 256 1387 293 U.
1428 243 1656 309 377-394.]

264 391 423 442 quum1
458 395 710 431 ceterorum
749 393 1117 444 magistratuum,
1156 396 1257 432 tum
1296 394 1499 444 ipsorum
1534 394 1810 445 collegarum
1850 395 2106 446 rogationes

263 461 584 500 intercessione
605 460 903 511 prohibendi'2.
969 461 1087 501 Satis
1108 460 1260 500 multi3
1282 462 1455 500 tribuni
1485 462 1659 500 inventi
1689 467 1809 510 sunt,
1834 463 1912 512 qui
1943 462 2106 515 rogati-

265 533 373 567 ones
404 528 564 566 Licinii
593 533 637 567 et
669 527 810 567 Sextii
831 529 1165 568 intercedendo¹
1185 531 1485 579 antiquarent.
1549 530 1608 568 At
1641 529 1771 580 plebs
1806 530 2030 569 Licinium
2065 540 2109 570 et

266 597 473 636 Sextium
495 609 576 647 per
597 597 750 636 decem
773 609 911 636 annos
936 609 1116 648 semper
1139 598 1342 636 tribsmos
1364 599 1536 638 refecit.
1599 598 1669 636 Ab
1699 597 1770 637 his
1791 598 1956 637 eaedem
1987 610 2110 647 roga-

264 666 410 704 tiones
446 665 687 714 quotannis
720 664 1070 712 renovabantur,
1096 665 1235 704 donec
1264 666 1437 704 decimo
1470 678 1587 706 anno
1622 666 1799 717 Plebeji
1831 666 1878 704 in
1909 670 2110 705 montem.

266 732 451 771 Sacrum
475 733 679 772 secedere
701 737 987 783 paraverunt.
1052 733 1167 771 Tum
1189 733 1371 771 demum
1393 733 1576 772 Patri-cii
1598 734 1824 784 perterriti
1854 734 2110 785 rogationes

264 800 458 840 Licinias
495 801 605 840 ferri
640 801 760 851 passi
791 805 911 841 sunt.
975 801 1110 840 Plebs
1134 808 1283 840 tamen
1305 800 1514 840 Patriciis
1536 802 1625 840 duo
1647 814 1786 841 novos
1815 802 2110 853 magistratus

264 869 495 916 concessit,
520 873 765 919 praetstram
786 873 830 907 et
852 868 1125 908 aedilitatem.
1184 869 1354 908 Praetor
1377 871 1472 921 juri
1493 870 1687 909 dicundo
1707 869 1930 921 praeerat⁵.
1990 869 2110 908 AEdi-

263 936 386 975 libus
417 936 721 983 aedificiorum,
744 938 926 976 vit-irum
957 938 1257 988 publicarum,
1290 942 1477 977 annonae
1511 942 1554 977 et
1589 938 1804 978 ludorum
1839 937 1964 977 cura⁶
1999 938 2104 978 fuit.

266 1003 428 1043 Paucis
460 1005 591 1043 annis
621 1009 721 1055 post
751 1005 804 1044 ad
836 1005 919 1044 hos
941 1017 1120 1056 quoque
1143 1007 1439 1056 magistratus
1460 1005 1660 1056 Plebejis
1681 1007 1755 1045 via
1776 1006 2003 1057 patefacta
2024 1009 2104 1046 est.

261 1071 397 1112 Plebs
424 1073 709 1112 consulatum
731 1073 778 1113 L.
807 1073 976 1121 Sextio,
996 1074 1130 1113 latori
1151 1074 1423 1125 legis‚dedit.

715 1164 897 1205 03110011
921 1165 1179 1197 ΑΤΤΒῙΒῸΤΕ5
1196 1164 1331 1204 (Study
1349 1163 1367 1205 ἓ
1383 1165 1444 1197 307
1461 1166 1501 1197 10
1518 1164 1563 1198 R.
1582 1165 1692 1205 174).*

317 1226 394 1266 XI.
425 1225 561 1266 Anno
590 1227 717 1267 urbis
756 1229 1073 1268 trecentesimo
1103 1228 1394 1279 nonagesimo
1432 1228 1580 1278 primo
1618 1227 1880 1278 pestilentia
1912 1227 1961 1266 111
1997 1227 2109 1267 urbe

260 1294 402 1334 Roma
425 1296 573 1335 coorta
595 1299 677 1343 est,
698 1308 787 1347 qua
807 1296 867 1336 M.
891 1296 1057 1336 Furius
1078 1296 1299 1335 Camillus
1320 1297 1466 1347 periit.
1530 1296 1574 1336 Is
1595 1309 1620 1334 a
1642 1296 1816 1336 civibus
1836 1297 1931 1337 suis
1953 1309 2106 1336 secun-

261 1364 348 1403 dus
368 1365 494 1403 urbis
518 1365 720 1405 conditor
740 1368 808 1404 est
830 1364 1101 1415 appellatus.
1164 1365 1307 1403 Annis
1328 1365 1676 1415 insequentibus
1696 1365 1869 1404 bellum
1889 1365 2107 1404 adversus

260 1431 488 1479 Etruscos,
504 1432 691 1473 Volscos
713 1437 756 1483 et
777 1432 967 1472 Latinos
989 1438 1256 1472 renovatum
1278 1436 1358 1472 est.
1409 1433 1530 1471 Galli
1551 1445 1728 1483 quoque
1746 1433 1967 1484 CisalpIni
1988 1434 2107 1472 iden-

260 1501 401 1540 tidem
423 1502 470 1539 in
490 1501 594 1541 finis
617 1502 921 1541 Romanorum
942 1502 1224 1541 incursiones
1247 1502 1406 1541 fecere.
1467 1501 1829 1552 Tarquinienses,
1858 1502 2041 1542 Caerites
2065 1505 2108 1541 et

260 1567 438 1615 Falisci,
467 1573 627 1620 gentes
657 1569 871 1618 Etruscae,
906 1571 1072 1610 devicti
1108 1575 1226 1610 sunt.
1303 1569 1392 1610 Per
1431 1569 1516 1609 1100
1550 1573 1733 1620 tempus
1767 1571 1985 1621 permulti
2020 1570 2106 1608 viri

260 1636 577 1677 memorabiles
599 1639 827 1685 exstitere,
850 1651 1042 1688 quorum
1064 1639 1246 1677 nomina
1267 1639 1511 1689 saepissime
1533 1650 1558 1676 a
1580 1639 1872 1689 scriptoribus
1894 1638 2107 1677 Romanis

260 1711 581 1745 memorantur.
647 1706 795 1753 Quum
825 1707 872 1744 in
905 1707 1015 1750 foro,
1041 1719 1120 1746 seu
1141 1710 1269 1745 motu
1296 1710 1438 1753 terrae,
1465 1718 1544 1745 seu
1565 1717 1654 1756 qua
1676 1706 1765 1744 alia
1787 1707 1864 1754 vi',
1888 1707 2108 1746 immensa

260 1779 428 1825 vorago
464 1776 584 1814 facta
614 1780 745 1822 esset,
777 1788 876 1826 quae
908 1776 1115 1827 conjectu
1146 1779 1277 1814 terrae
1310 1775 1484 1826 expleri
1519 1787 1604 1812 non
1642 1779 1807 1825 posset,
1842 1775 2107 1826 haruspices

261 1842 605 1892 respondebant,
621 1842 799 1882 hiatum
817 1844 879 1881 ita
896 1843 1098 1882 demum⁸
1119 1843 1299 1894 impleri
1321 1855 1450 1893 posse
1468 1843 1505 1882 si
1522 1842 1567 1880 id
1586 1842 1704 1892 quod
1722 1844 1890 1893 populo
1905 1843 2106 1882 Romano

261 1911 547 1950 carissimum
578 1915 709 1958 esset,
736 1923 786 1949 eo
817 1911 1164 1951 demitteretur&
1228 1911 1345 1950 Tum
1381 1910 1440 1950 M.
1463 1910 1685 1958 Curtium,
1712 1923 1898 1951 511111111εο
1920 1912 2106 1951 virtutis

259 1979 490 2030 juvenem,
517 1980 731 2030 quaesisse
762 1979 967 2027 feruntm,
988 1993 1097 2018 num
1119 1980 1368 2030 quidquam
1402 1978 1618 2018 Romanis
1649 1980 1795 2019 carius
1831 1983 1947 2018 esset
1969 1989 2106 2030 quam

263 2049 410 2086 virtus
431 2051 475 2086 et
496 2059 621 2085 arma
644 2062 652 2094 ;
683 2051 727 2086 et
750 2047 910 2086 deinde
932 2059 1046 2098 equo
1066 2048 1340 2087 insidentem
1369 2053 1685 2099 armatumque
1707 2060 1753 2087 se
1774 2048 1821 2086 in
1842 2048 2105 2098 voraginem

260 2113 509 2154 demisisse.
574 2114 728 2154 Curtio
749 2115 955 2163 obruto¹¹‚
975 2115 1129 2156 11151115
1159 2120 1287 2155 terrae
1309 2116 1538 2167 extemplo
1559 2116 1770 2167 expletus
1800 2128 1898 2155 esse
1919 2115 2099 2155 dicitur.

261 2181 327 2221 De
348 2182 407 2222 M.
435 2183 578 2221 Curtii
600 2183 772 2234 origine
794 2187 838 2222 et
860 2184 999 2234 stirpe
1020 2183 1135 2222 nihil
1157 2185 1265 2222 certi
1288 2187 1473 2223 constat.

316 2250 466 2297 Quum
489 2250 607 2289 Galli
638 2264 756 2289 anno
777 2252 901 2290 urbis
923 2252 1239 2290 trecentesimo
1260 2252 1552 2303 nonagesimo
1573 2255 1734 2302 quarto
1754 2263 1913 2303 agrum
1944 2251 2103 2291 Roma-

261 2331 371 2357 num
400 2319 689 2366 invasissent,
715 2323 758 2357 et
782 2319 916 2358 duces
939 2320 1169 2369 utrimque
1199 2320 1340 2358 aciem
1370 2317 1693 2370 instruerentffi,
1729 2319 1887 2358 Gallus
1917 2319 2102 2370 quidam

260 2387 435 2437 ingenti
458 2388 653 2436 corporis
674 2387 989 2437 magnitudine
1011 2388 1242 2437 processit,
1269 2390 1313 2426 et
1335 2387 1635 2426 fortissimum
1657 2385 1914 2437 quemque¹³
1947 2386 2103 2425 Roma-

259 2459 423 2492 norum
445 2454 500 2492 ad
518 2459 743 2493 certamen
764 2455 1037 2504 provocavit.
1089 2454 1206 2492 Tum
1224 2454 1354 2493 Titus
1375 2454 1588 2501 Manlius,
1610 2455 1801 2505 egregiae
1825 2454 1987 2494 indolis
2004 2454 2104 2493 ado-

259 2521 446 2567 lescens,
472 2533 498 2559 a
520 2521 567 2560 T.
595 2521 801 2568 Quinctio
824 2521 1041 2561 dictatore
1063 2522 1192 2572 petiit
1215 2526 1265 2560 ut
1287 2521 1373 2560 sibi
1396 2534 1497 2560 cum
1520 2521 1650 2562 Gallo
1672 2527 1875 2573 pugnare
1904 2521 2101 2561 liceret¹¹.

260 2588 355 2627 Hac
376 2593 598 2639 potestate
621 2590 741 2629 facta
770 2590 902 2628 ambo
932 2590 978 2627 in
1008 2589 1209 2628 medium
1239 2590 1357 2628 inter
1383 2589 1496 2628 duas
1518 2590 1635 2628 acies
1664 2589 1812 2628 10011111
1841 2589 2100 2640 procedunt.

261 2656 435 2704 Gallus,
458 2658 585 2697 velut
605 2657 780 2697 moles¹⁵
805 2670 999 2708 superne
1021 2658 1263 2696 imminens
1285 2669 1437 2697 ensem
1455 2658 1499 2695 in
1522 2657 1803 2697 advenientis
1819 2657 1963 2697 hostis
1979 2669 2103 2696 arma

303 2780 314 2800 1
340 2779 459 2827 Quum
474 2780 766 2819 maqixtratzmm
783 2780 862 2811 tum.
877 2779 1044 2820 ipsarum
1059 2779 1279 2820 collefflmtm
1295 2779 1511 2818 roqatwnes,
1530 2779 1594 2811 the
1611 2779 1779 2811 motions
1796 2781 1863 2811 not
1880 2779 1968 2818 only
1982 2780 2024 2811 of
2035 2780 2100 2811 the

260 2827 510 2854 magun-ates.
533 2822 595 2851 but
614 2821 654 2851 of
674 2821 773 2852 their
792 2830 879 2860 very
891 2821 1117 2854 colleazucs.
1131 2821 1196 2843 —2'
1209 2821 1429 2859 Roqatwaes
1439 2820 1673 2860 prohibendi.
1693 2823 1732 2851 to
1749 2824 1803 2851 501
1822 2821 1926 2853 :iside
1944 2821 2007 2852 the
2025 2830 2101 2851 1110-

259 2862 373 2893 110115.
387 2880 425 2884 —
438 2863 485 2893 ³A
505 2862 693 2893 sufficient
712 2863 871 2893 number
887 2863 933 2894 os.
947 2863 1012 2884 —4
1032 2862 1084 2901 By
1104 2862 1202 2893 their
1217 2861 1479 2894 intercession.
1493 2861 1557 2884 —-⁵
1578 2861 1755 2893 Presided
1773 2870 1860 2893 oven·
1877 2862 1940 2893 the
1956 2861 2101 2893 admin-

259 2903 436 2934 istration
450 2903 652 2942 osjustice.
666 2922 706 2926 —
719 2904 732 2923 ὓ
750 2904 827 2934 The
846 2903 1187 2942 superintendence
1202 2912 1300 2934 over.
1318 2903 1378 2925 —7
1395 2903 1444 2934 Or
1460 2903 1510 2941 by
1527 2910 1631 2933 some
1650 2903 1758 2934 other
1774 2903 1876 2934 force
1894 2903 1935 2933 of
1951 2906 2097 2934 nature.

259 2944 324 2968 -θ
344 2945 440 2983 Only
459 2945 562 2976 then.
575 2963 616 2967 —
628 2944 641 2963 ⁹
660 2944 796 2975 Would
813 2944 860 2975 bc
878 2945 1024 2975 thr-own
1043 2944 1124 2975 into
1140 2944 1180 2975 it.
1195 2962 1234 2967 —
1248 2945 1279 2965 ¹⁰
1291 2944 1461 2976 Curtium
1477 2944 1654 2983 quaesisse
1669 2944 1815 2983 femmt,
1831 2944 1982 2975 Curtius
2000 2944 2030 2974 is
2047 2951 2099 2974 re-

259 2985 392 3025 ported
411 2985 520 3019 (said)
539 2988 579 3017 to
596 2985 692 3017 have
708 2985 825 3017 asked
848 2985 1052 3025 [liter-ally:
1078 2985 1183 3024 They
1199 2990 1322 3025 repon
1343 2985 1424 3016 that
1442 2985 1594 3016 Curtius
1617 2984 1765 3025 aslum.
1778 3003 1819 3008 ——
1832 2985 1861 3006 ¹1
1881 2985 1987 3016 After
2011 2985 2098 3016 Cur-

259 3027 336 3058 tius
355 3035 432 3057 was
457 3026 672 3058 six-allowed
690 3035 750 3066 up.
763 3045 802 3049 —
816 3026 847 3047 ¹2
865 3027 994 3059 Aedem
1011 3027 1203 3065 instruere,
1223 3030 1262 3059 to
1279 3034 1435 3065 prepare
1459 3025 1515 3056 sor
1538 3025 1658 3057 battle
1677 3024 1853 3066 [litorally
1870 3035 1878 3056 :
1906 3028 1927 3042 ‘⁶
1939 3027 1979 3057 to
1996 3025 2098 3057 draw

260 3076 308 3105 up
334 3067 398 3099 the
416 3067 535 3099 battle
553 3068 627 3099 line
640 3068 694 3108 ''].
708 3086 745 3091 —
761 3067 792 3089 1³
811 3067 890 3099 The
907 3076 996 3107 very
1012 3068 1175 3100 bravest.
1187 3086 1227 3091 —
1239 3067 1271 3089 1⁴
1290 3067 1400 3099 Petita
1417 3067 1458 3099 ut
1471 3067 1544 3100 sibi
1559 3067 1692 3106 liceret,
1708 3067 1825 3099 asked
1848 3067 1904 3099 for
1928 3066 1991 3098 the
2014 3073 2097 3106 per-

260 3108 433 3141 mission.
447 3126 484 3132 --
499 3109 532 3130 ¹⁵
549 3109 643 3141 Like
661 3117 682 3141 a
698 3109 859 3141 colossal
876 3117 987 3141 mass.
