2200 3519
223 175 325 226 158
466 206 469 207 ν
724 189 889 225 LIBER
914 189 970 237 11,
997 184 1064 224 27.
1086 184 1153 225 28.
1236 177 1305 240 [A.
1334 189 1386 226 U.
1419 177 1540 239 535.]

220 329 479 370 societatem
501 340 631 368 suam
652 328 857 379 accepist,
879 333 923 367 et
955 330 1106 368 omnia
1125 330 1309 380 paravit
1343 329 1399 369 ad
1431 330 1664 381 inceptum
1694 330 1815 380 quod
1843 330 1890 369 in
1920 331 2071 370 animo

219 398 504 444 moliebatur,
549 397 903 447 exsequendum.
967 397 1140 444 Quibus
1179 398 1314 436 rebus
1352 399 1560 448 peractis,
1595 399 1846 437 exercitum
1885 398 2069 437 Cartha-

219 466 373 516 ginem
403 464 576 503 Novam
610 465 657 502 in
690 464 882 503 hiberna
911 465 1115 504 deduxit.
1178 465 1332 505 Primo
1352 464 1475 505 vere²
1501 479 1603 505 cum
1625 467 1826 505 exercitu
1847 467 2070 517 quinqua-

218 536 346 586 ginta
388 533 586 571 millium
626 533 846 583 peditum,
886 545 1049 572 novem
1080 534 1280 572 millium
1323 535 1542 584 equitum,
1584 538 1628 573 et
1667 535 1857 584 triginta
1896 539 2070 585 septem

220 602 568 652 elephantorum
591 601 830 651 Pyrenaeos
853 602 1099 652 superavit,
1121 605 1163 640 et
1186 602 1347 641 deinde
1368 602 1639 641 Rhodanum
1660 602 1852 641 fiuvium
1871 603 2069 643 transiit.

219 670 550 710 Hasdrubalem
594 670 784 708 fratrem
819 669 1047 720 Hispaniae
1081 671 1299 720 praefecit,
1338 674 1470 721 eique
1505 671 1696 710 classem
1736 672 2070 722 quinquaginta

220 740 407 777 naviuin
446 738 647 788 reliquit,
691 750 781 788 qua
833 739 1108 777 maritimam
1150 751 1274 777 oram
1314 743 1556 778 tutaretur.
1632 739 1852 779 Extrema
1894 739 2069 779 aestate*

219 806 423 858 ejusdem
446 807 565 853 anni,
586 806 665 856 qui
687 806 776 844 fuit
797 806 853 844 ab
874 806 1016 845 Roma
1037 806 1215 845 condita
1234 808 1630 858 quingentesimus
1652 808 1915 856 trigesimus
1943 808 2071 858 quin-

218 878 308 924 tus,
348 874 404 912 ad
438 872 582 924 Alpes
611 874 833 924 perVEnit,
859 886 957 924 quae
988 887 1132 924 usque
1162 874 1218 912 ad
1252 874 1298 912 id
1327 878 1507 924 tempus
1542 875 1878 925 insuperabiles
1906 874 2072 914 habitae

220 946 358 981 erant.
421 941 513 980 Hos
544 946 734 987 montes,
768 941 1022 980 incredibili
1060 942 1260 980 militum
1292 942 1445 981 labore
1476 946 1520 980 et
1555 943 1783 992 periculis,
1816 943 2073 993 quindecim

218 1010 375 1048 diebus
401 1010 644 1059 superavit.
703 1008 805 1047 Non
837 1014 1010 1048 constat
1039 1010 1159 1048 inter
1188 1009 1424 1056 auctores’,
1445 1014 1625 1060 quantae
1656 1010 1901 1049 Hannibali
1932 1012 2066 1061 copiae

220 1079 406 1125 fuerint,
432 1090 574 1127 quum
596 1078 642 1115 in
663 1077 900 1127 planitiem
932 1077 1089 1116 Galliae
1112 1077 1350 1127 Cisalpinae
1381 1078 1622 1118 descendit.
1686 1078 1771 1125 Qui
1798 1078 2073 1135 minimmffl,

218 1146 382 1197 viginti
414 1146 556 1184 millia
588 1145 809 1195 peditum,
839 1157 918 1184 sex
955 1146 1160 1195 equitum
1197 1147 1341 1185 fuisse
1376 1146 1546 1193 dicunt,
1575 1146 1695 1196 quod
1725 1147 1866 1185 nostri
1889 1159 2068 1197 quoque

217 1215 301 1253 aevi
341 1213 598 1264 scriptores6
649 1213 1034 1252 verisimillimum
1072 1219 1248 1264 putant.
1325 1213 1469 1253 Fuere
1508 1220 1661 1253 tamen
1691 1215 1770 1265 qui
1801 1215 2059 1262 scriberent,

219 1283 488 1321 Hannibalis
531 1282 779 1320 exercitum
822 1286 1003 1320 centum
1034 1281 1231 1320 millium
1266 1283 1467 1321 militum
1503 1284 1659 1322 fuisse.
1726 1282 1826 1329 Sed,
1865 1283 2071 1333 quisquis

219 1352 320 1401 ejus
362 1351 587 1389 exercitus
635 1362 854 1389 numerus
903 1350 1008 1396 fuit,
1056 1350 1321 1389 felicissime
1368 1351 1527 1389 accidit
1575 1351 1696 1401 quod
1734 1351 1889 1390 nullus
1920 1351 2073 1389 aderat

219 1420 524 1458 Romanorum
565 1419 788 1457 exercitus
824 1418 903 1468 qui
943 1418 1105 1457 Poenos
1146 1431 1201 1456 ex
1237 1418 1431 1469 Alpibus
1475 1418 1796 1458 descendentes
1831 1419 2071 1469 exciperet.

217 1486 465 1527 Hannibali
498 1487 640 1538 igitur
674 1487 784 1526 satis
815 1487 1032 1536 temporis
1065 1486 1373 1536 suppetebaffl,
1413 1499 1502 1537 quo
1537 1487 1708 1525 milites
1740 1499 1856 1533 suos,
1881 1487 2071 1526 summis

217 1556 448 1595 laboribus
470 1556 673 1594 defessos
703 1559 747 1593 et
778 1554 1038 1600 exhaustos,
1069 1556 1362 1605 omniumque
1392 1567 1545 1594 rerum
1573 1556 1728 1606 inopia
1757 1567 1883 1606 paene
1917 1555 2072 1595 effera-

217 1621 319 1670 tosss,
340 1622 576 1662 reficereff.

273 1691 389 1729 Tum
411 1691 594 1729 demum
616 1690 665 1730 P.
689 1690 923 1729 Cornelius
947 1689 1094 1741 Scipio
1117 1691 1274 1729 consul
1296 1690 1351 1729 ad
1372 1690 1582 1730 Ticinum
1612 1690 1804 1730 fiuvium
1825 1690 2071 1730 Hannibali

217 1760 395 1798 obviam
418 1760 553 1798 venit..
612 1759 826 1809 Magnam
848 1758 1020 1797 cladem
1041 1759 1097 1796 ab
1119 1758 1388 1805 Hannibale,
1409 1759 1568 1809 proelio
1597 1758 1827 1798 maxime¹⁰
1852 1760 2066 1816 equestri,

217 1828 398 1877 accepit.
471 1826 689 1876 Reliquiae
720 1827 946 1865 exercitus
977 1826 1166 1865 Romani
1207 1827 1261 1865 ad
1292 1826 1485 1865 fluvium
1517 1826 1725 1865 Trebiam
1750 1827 2064 1874 consederunt,

217 1896 292 1934 ubi
317 1896 431 1934 alter
451 1896 690 1942 exercitus,
715 1894 827 1933 duce
849 1895 1027 1933 Tiberio
1050 1894 1311 1944 Sempronio
1340 1895 1536 1941 consule,
1568 1907 1669 1933 cum
1700 1895 1764 1933 eis
1796 1895 2065 1945 conjunctus

219 1968 299 2003 est.
359 1964 520 2013 Scipio,
541 1964 610 2002 cui
634 1964 812 2001 animus
835 1963 959 2001 clade
981 1975 1032 2001 ac
1052 1963 1240 2001 vulnere
1271 1963 1327 2001 ad
1358 1963 1566 2002 Ticinum
1593 1966 1774 2012 accepto
1805 1963 2066 2002 deminutus

218 2030 382 2079 esset11,
419 2030 625 2070 differri¹2
648 2043 848 2082 pugnam
879 2031 1077 2070 malebat
1100 2045 1108 2075 ;
1155 2030 1408 2081 Sempronii
1432 2028 1657 2069 feroci0r1³
1681 2031 1860 2069 animus
1890 2030 2064 2068 nullam

217 2112 390 2138 moram
432 2099 733 2150 patiebatur14.
793 2098 892 2146 Qui,
918 2111 1060 2149 quum
1099 2099 1155 2137 ab
1184 2098 1392 2138 hostibus
1432 2099 1488 2136 ad
1517 2110 1720 2149 pugnam
1755 2098 2065 2145 lacesseretur,

218 2174 364 2207 omnis
395 2168 556 2218 copias,
591 2167 884 2205 dissentiente
918 2166 1137 2217 Scipione,
1171 2180 1226 2205 ex
1259 2168 1416 2206 castris
1447 2167 1618 2206 eduxit.
1677 2166 1849 2205 Iterum
1879 2166 2067 2205 victoria

218 2248 357 2286 penes
378 2235 681 2274 Hannibalem
703 2235 805 2273 fuit.
869 2234 1033 2273 Decem
1065 2235 1209 2273 millia
1242 2235 1385 2273 ferme
1414 2235 1622 2284 peditum
1642 2246 1722 2285 per
1741 2234 1936 2272 mediam
1970 2233 2069 2272 Poe-

217 2309 379 2342 norum
419 2302 596 2342 acie1n¹⁵
620 2308 881 2354 perrupere,
925 2307 969 2341 et
1010 2302 1303 2349 Placentiam,
1345 2303 1465 2352 quod
1504 2306 1599 2341 erat
1640 2301 1858 2352 oppidum
1907 2301 2066 2340 Galliae

219 2372 470 2422 Cisalpinae,
497 2377 747 2422 perrexere.
812 2370 1041 2420 Reliquos,
1064 2372 1141 2421 qui
1165 2384 1221 2409 ex
1243 2383 1398 2421 pugna
1419 2371 1702 2420 superfuere,
1726 2369 1873 2419 Scipio
1912 2368 2067 2408 consul

218 2440 375 2479 eodem
397 2439 623 2489 perduxit.
674 2438 742 2477 Ibi
761 2437 951 2476 hiberna
974 2444 1155 2488 peracta
1186 2437 1339 2478 sunt¹⁶.
1403 2437 1630 2476 Hannibal
1661 2438 1909 2476 exercitum
1931 2449 2065 2477 suum

218 2509 266 2546 in
295 2507 471 2558 oppidis
502 2506 750 2554 Gallorum,
778 2506 857 2556 qui
888 2519 1042 2546 omnes
1074 2508 1169 2546 fere
1189 2519 1215 2545 a
1236 2506 1449 2546 Romanis
1472 2506 1765 2553 desciverant,
1792 2505 1848 2544 ad
1869 2505 2066 2544 hieman-

220 2576 328 2614 dum
352 2576 600 2615 collocavit.

726 2653 955 2685 lxi-*mrum
974 2653 1150 2685 CLAUSES
1168 2652 1305 2692 (Study
1323 2652 1361 2693 ἐξ
1378 2652 1549 2689 379-386).

276 2708 486 2749 XXVIII.
524 2709 730 2758 Senatus,
753 2710 807 2748 de
829 2710 913 2748 hac
936 2709 1062 2749 clade
1086 2710 1246 2748 certior
1270 2710 1432 2755 factus,
1458 2721 1625 2747 novum
1649 2707 1897 2746 exercitum
1918 2719 1943 2745 a
1964 2719 2060 2745 con-

266 2805 275 2825 1
297 2803 406 2835 Made
423 2804 579 2836 treaties
595 2805 636 2836 of
659 2804 817 2836 alliance
836 2804 926 2836 with
945 2806 1061 2836 etc.—
1077 2804 1092 2825 2
1110 2804 1154 2835 In
1171 2804 1234 2836 the
1253 2804 1333 2835 first
1349 2807 1434 2844 part
1453 2803 1495 2834 of
1515 2801 1728 2843 spring—³
1746 2802 1789 2834 In
1808 2802 1873 2833 the
1890 2801 2064 2848 last-part

221 2844 264 2876 of
296 2853 463 2877 summer
488 2845 577 2882 (lale
606 2846 644 2877 in
678 2847 742 2877 the
767 2853 957 2880 summer).
971 2846 1037 2868 —4
1056 2846 1135 2877 The
1168 2846 1323 2877 authors
1357 2845 1405 2876 do
1436 2849 1501 2876 not
1536 2852 1657 2883 agree.
1673 2843 1740 2866 —⁵
1759 2843 1899 2882 Supply
1933 2842 2065 2874 dzcnnc

224 2887 364 2924 (rhosc
384 2887 466 2917 who
484 2892 582 2918 state
599 2888 662 2918 the
678 2887 848 2918 smallest
872 2887 1099 2924 number).—-
1113 2887 1127 2907 θ
1147 2887 1276 2919 Nostri
1300 2887 1382 2918 aevi
1404 2885 1611 2924 scriptores.
1637 2894 1705 2916 our
1728 2886 1882 2915 modern
1901 2884 2061 2914 writers.

223 2944 263 2948 —
275 2928 287 2947 ⁷
309 2928 397 2959 Was
413 2927 538 2959 1‹2.ft.—
550 2928 564 2947 ⁸
582 2928 902 2959 D01n‹›1·alized.—
914 2928 928 2948 9
946 2928 1001 2959 To
1020 2928 1294 2968 reorganizc.—
1306 2928 1338 2948 ¹⁰
1358 2927 1515 2966 Chiessy.
1533 2944 1571 2949 -—
1589 2926 1619 2946 ¹²
1642 2926 1709 2958 Cui
1725 2925 1877 2957 animus
1893 2924 2061 2956 demina-

224 2969 282 2999 τηε
305 2970 401 3000 asaept,
429 2969 513 3000 who
538 2978 615 3000 was
644 2969 891 3009 discouragcd
909 2969 1086 3009 (litcrally
1113 2975 1186 3000 “to
1209 2969 1331 3000 whom
1358 2969 1421 3000 the
1445 2975 1604 3007 courage
1621 2976 1696 2998 was
1714 2965 1942 2997 (liminished
1959 2965 2063 3004 ’').—

228 3008 258 3029 ¹2
278 3010 418 3041 should
439 3010 482 3039 bu
501 3010 723 3049 1›0.—1po11‹·‹1.
737 3029 778 3033 —
792 3010 823 3031 1³
840 3011 966 3047 Feroae,
987 3010 1217 3050 impetuous.
1229 3029 1269 3033 --
1283 3010 1314 3031 ¹⁴¹
1333 3008 1616 3041 B1·o‹›ked.—¹⁵
1633 3007 1759 3039 Media
1776 3007 1880 3044 acies,
1901 3007 1963 3038 the
1979 3013 2063 3038 cen-

227 3054 291 3082 tre.
306 3068 345 3073 --
366 3051 397 3071 ¹⁶
416 3051 536 3083 There
555 3052 618 3083 the
638 3052 771 3083 xsintcr
788 3060 865 3083 was
883 3055 995 3092 spent
1013 3051 1188 3092 (literally
1208 3051 1305 3083 “the
1324 3051 1458 3083 winter
1473 3052 1646 3091 quarters
1663 3057 1759 3081 were
1775 3048 1916 3088 held”).
