2200 3519
744 572 1294 651 READER.

473 869 911 932 ROMAN
982 869 1556 932 HISTORY.

563 1006 744 1046 LIBER
783 1004 1013 1046 PRIMUS
1043 1004 1218 1056 (BOOK
1248 1005 1452 1057 FIRST).

609 1103 733 1136 Fms‘r
764 1111 1027 1136 DECLENSION.
1075 1101 1213 1143 (Study
1229 1101 1268 1143 ξς
1284 1102 1419 1141 32-34.)

140 1162 173 1204 Ι.
207 1162 358 1202 Media
378 1175 482 1213 pars
505 1161 662 1209 ltaliae,
687 1161 811 1200 infra
832 1160 1025 1199 fiuvium
1057 1159 1271 1207 Tiberim,
1297 1160 1553 1210 antiquitus
1574 1158 1860 1198 incolebatur
1879 1158 1938 1198 ab

84 1231 271 1272 Latinis.
333 1231 441 1271 Haec
468 1243 574 1282 pars
604 1230 761 1278 Italiae,
787 1242 843 1269 ex
874 1229 1056 1268 nomine
1086 1228 1351 1276 incolarum,
1387 1228 1707 1279 appellabatur
1738 1226 1938 1274 Latium,

85 1304 130 1340 et
151 1304 287 1352 caput
307 1299 505 1339 habebat
526 1299 692 1338 Albam
723 1299 940 1350 Longam.
1005 1297 1174 1337 Octavo
1197 1297 1361 1337 saeculo
1382 1301 1487 1335 ante
1519 1296 1767 1343 Christum,
1783 1295 1941 1334 Numi-

85 1372 154 1409 t-or
186 1381 267 1408 rex
303 1368 429 1407 Albae
463 1367 629 1419 Longae
667 1367 771 1407 fuit.
836 1366 880 1406 Is
911 1366 1132 1417 expulsus
1170 1370 1237 1405 est
1271 1378 1297 1404 a
1334 1365 1476 1404 fratre
1512 1377 1594 1405 suo
1625 1364 1825 1411 Amulio,
1861 1364 1942 1415 qui

83 1437 201 1477 filios
232 1437 490 1476 Numitoris
522 1436 716 1476 necavit.
775 1435 925 1483 Quum
956 1435 1084 1474 Rhea
1115 1434 1284 1486 Sylvia,
1306 1434 1400 1473 filia
1431 1432 1703 1481 Numitoris,
1736 1433 1942 1484 geminos

83 1506 201 1546 filios
236 1506 501 1558 peperisset,
541 1503 761 1544 Amulius
794 1504 935 1557 jussit
971 1516 1046 1543 eos
1080 1504 1129 1542 in
1165 1503 1364 1542 Tiberim
1401 1502 1606 1553 demergi
1624 1501 1646 1541 ².
1724 1502 1784 1540 At
1819 1501 1941 1541 servi

83 1575 198 1627 regii
230 1575 340 1614 satis
369 1573 612 1620 habebant,
648 1585 874 1624 exponere
903 1585 1069 1623 pueros
1099 1573 1146 1610 in
1175 1572 1273 1611 loco
1306 1572 1513 1622 proximo
1543 1583 1685 1621 aquae.
1767 1569 1850 1617 Ibi,
1889 1573 1941 1609 ut

84 1643 245 1683 fabula
266 1643 419 1691 tradit,
437 1642 528 1682 duo
548 1641 633 1681 filii
654 1641 791 1681 Rheae
826 1641 992 1693 Sylviae
1028 1641 1192 1680 nutriti
1215 1644 1322 1681 sunt
1346 1640 1470 1691 lupa,
1492 1652 1591 1690 quae
1623 1639 1687 1679 eis
1718 1650 1942 1679 mammas

83 1713 288 1764 praebuit.

594 1764 754 1797 SsscoND
785 1771 1049 1796 DECLENsmN.
1098 1762 1234 1803 (Study
1251 1761 1289 1803 ἐξ
1305 1762 1439 1802 35-38.)

140 1822 198 1863 ΙΙ.
230 1822 299 1861 Ita
320 1822 586 1869 Faustulus,
601 1822 822 1873 magister
838 1821 952 1872 regii
974 1818 1304 1871 pecoris‚Rheae
1321 1819 1439 1859 filios
1455 1819 1646 1859 invenit.
1710 1817 1754 1858 Is
1774 1830 1941 1870 pueros

86 1891 290 1938 sustulit,
313 1895 357 1930 et
388 1903 464 1930 eos
502 1891 723 1929 Larentiae
756 1891 891 1930 uxori
929 1889 1185 1929 educandos
1215 1888 1351 1928 dedit.
1410 1888 1540 1927 Alter
1578 1888 1838 1939 appellatus
1874 1891 1942 1927 est

83 1959 321 2005 Romulus,
340 1960 456 1998 alter
471 1958 657 1999 Remus.
701 1959 840 1997 Pueri
862 1958 1069 1997 venando
1091 1962 1135 1997 et
1157 1957 1260 1996 aliis
1285 1957 1494 1996 virilibus
1517 1957 1681 1996 studiis
1703 1957 1938 1995 ineuntem

85 2033 267 2069 aetatem
288 2028 604 2069 absumebant.
669 2026 796 2078 Saepe
819 2039 921 2066 cum
944 2027 1106 2066 vicinis
1136 2027 1337 2076 impetus
1372 2026 1420 2064 in
1452 2025 1656 2065 latrones
1693 2025 1936 2072 faciebant,

84 2103 129 2137 et
150 2097 347 2149 praedam
368 2096 646 2136 dividebant.
709 2094 889 2135 Accidit
910 2095 1029 2134 forte
1060 2098 1111 2133 ut
1142 2093 1370 2132 Romulus
1392 2098 1436 2132 et
1458 2093 1628 2133 Remus
1651 2105 1754 2132 cum
1777 2093 1937 2133 ceteris

85 2168 335 2221 juvenibus
356 2167 489 2206 ludos
523 2167 570 2205 in
601 2165 778 2206 Palatio
812 2165 1107 2204 celebrarent.
1183 2163 1270 2203 Hic
1303 2164 1505 2203 latrones
1535 2164 1583 2202 in
1613 2175 1688 2203 eos
1718 2163 1942 2213 impetum

85 2237 310 2284 fecerunt,
345 2239 389 2275 et
419 2238 640 2286 ceperunt
670 2234 877 2273 Remum.
937 2233 1185 2284 Captivum
1216 2232 1403 2271 Amulio
1432 2232 1631 2271 tradunt.
1696 2230 1939 2270 insimulet-

84 2305 194 2345 bant
216 2305 411 2344 Remum
433 2317 488 2344 ex
511 2305 633 2356 agris
653 2302 913 2344 Numitoris
949 2301 1125 2354 praedas
1155 2302 1316 2353 egisse.
1382 2300 1454 2340 Sic
1475 2300 1646 2340 Remus
1676 2312 1760 2339 avo
1781 2312 1863 2340 suo
1884 2298 1941 2338 ad

85 2374 364 2426 supplicium
386 2374 596 2413 traditur.

189 2456 358 2490 annzw
374 2455 496 2488 Fms'r
513 2463 598 2487 AM)
616 2455 775 2487 Sncom)
791 2461 1076 2488 DECLENSIONS.
1124 2452 1261 2494 (Study
1280 2452 1319 2494 ἐξ
1337 2452 1437 2485 16-31
1452 2461 1461 2492 ;
1493 2451 1633 2484 review
1650 2450 1689 2492 ἒξ
1702 2450 1837 2489 32-38.)

142 2513 222 2554 III.
259 2513 482 2553 Faustulo
499 2515 626 2564 origo
644 2511 930 2563 pupillorum
948 2515 1137 2550 suorum
1153 2510 1274 2549 haud
1293 2510 1452 2562 ignota
1468 2512 1576 2548 erat.
1635 2507 1819 2547 Etenim
1842 2510 1941 2546 tum

85 2595 227 2634 quum
250 2582 428 2621 invonit
450 2593 633 2632 pueros,
655 2581 823 2620 sciebat
845 2579 955 2630 quid
975 2592 1055 2619 rex
1078 2579 1316 2619 statuisset
1338 2578 1393 2617 de
1416 2589 1524 2616 nece
1546 2576 1748 2616 filiorum
1785 2575 1936 2614 Rheae.

85 2649 220 2690 Nunc
240 2648 400 2702 quum2
421 2650 476 2689 de
499 2649 630 2688 Remi
651 2648 854 2700 periculo
877 2649 1040 2686 certior
1062 2648 1214 2686 factus
1236 2650 1370 2693 esset,
1395 2644 1595 2696 prodidit
1627 2642 1825 2682 Romulo
1847 2655 1940 2681 om-

86 2720 162 2758 nia
183 2732 282 2770 quae
304 2720 402 2771 ipse
425 2720 572 2759 sciret.
634 2717 813 2756 Interea
833 2715 1049 2754 Numitor
1069 2716 1340 2766 quaesiverat
1369 2726 1425 2753 ex
1447 2719 1626 2763 captivo
1657 2724 1752 2756 suo.
1781 2711 1859 2749 ubi
1895 2714 1940 2749 et

85 2800 140 2827 ex
173 2789 341 2839 quibus
375 2787 642 2838 parentibus
678 2789 797 2824 esset
838 2789 988 2825 natus.
1051 2783 1336 2835 Reperiebat,
1371 2781 1620 2821 Romulum
1656 2784 1700 2819 et
1740 2778 1938 2819 Remum

85 2855 212 2896 esse³
247 2857 453 2908 geminos
488 2856 668 2904 fratres,
705 2860 750 2893 et
779 2855 836 2893 ab
872 2853 1093 2892 Faustulo
1135 2864 1274 2902 prope
1313 2851 1499 2889 alveum
1539 2849 1670 2888 fluvii
1709 2848 1934 2887 inventos.

85 2924 212 2964 AEtas
251 2931 498 2976 puerorum
539 2924 818 2975 congruebat
857 2934 962 2961 cum
1002 2926 1208 2971 tempore
1249 2931 1340 2970 quo
1379 2918 1527 2969 ipsius
1568 2920 1758 2968 nepotes
1805 2916 1940 2968 jussu

127 3047 138 3069 ¹
158 3046 231 3079 Eos
246 3046 287 3078 in
306 3046 469 3079 merim
484 3045 662 3086 dem-emi,
680 3046 762 3077 that
780 3045 870 3083 they
888 3043 1025 3076 should
1047 3043 1090 3073 be
1108 3041 1291 3075 drowned
1307 3041 1348 3073 in
1364 3041 1431 3074 the
1444 3040 1572 3074 Tiber.
1585 3040 1653 3064 —2
1671 3040 1767 3074 Now
1783 3040 1880 3073 that.
1897 3057 1938 3063 —

84 3088 98 3110 ³
119 3088 320 3121 Romulum
335 3089 369 3120 ec
385 3088 542 3121 Remum
561 3096 642 3128 esse,
663 3087 747 3120 that
763 3087 952 3120 Romulus
969 3085 1044 3118 aud
1062 3085 1206 3119 Remus
1221 3092 1331 3117 were.
