<?xml version="1.0" encoding="UTF-8"?>
<!DOCTYPE html PUBLIC "-//W3C//DTD XHTML 1.0 Transitional//EN"
    "http://www.w3.org/TR/xhtml1/DTD/xhtml1-transitional.dtd">
<html xmlns="http://www.w3.org/1999/xhtml" xml:lang="en" lang="en">
 <head>
  <title>
</title>
<meta http-equiv="Content-Type" content="text/html;charset=utf-8" />
  <meta name='ocr-system' content='tesseract 3.04.00' />
  <meta name='ocr-capabilities' content='ocr_page ocr_carea ocr_par ocr_line ocrx_word'/>
</head>
<body>
  <div class='ocr_page' id='page_1' title='image "./elementsoflating00fisc_0166.png"; bbox 0 0 2200 3519; ppageno 0'>
   <div class='ocr_carea' id='block_1_1' title="bbox 255 175 1526 245">
    <p class='ocr_par' dir='ltr' id='par_1_1' title="bbox 255 175 1526 245">
     <span class='ocr_line' id='line_1_1' title="bbox 255 175 1526 245; baseline 0.001 -18"><span class='ocrx_word' id='word_1_1' title='bbox 255 175 356 228; x_wconf 85' lang='lat'>160</span> <span class='ocrx_word' id='word_1_2' title='bbox 801 191 964 228; x_wconf 80' lang='lat' dir='ltr'>LIBER</span> <span class='ocrx_word' id='word_1_3' title='bbox 988 191 1048 240; x_wconf 88' lang='lat'>11,</span> <span class='ocrx_word' id='word_1_4' title='bbox 1075 185 1142 227; x_wconf 76' lang='lat'>29.</span> <span class='ocrx_word' id='word_1_5' title='bbox 1224 179 1294 245; x_wconf 89' lang='lat' dir='ltr'>[A.</span> <span class='ocrx_word' id='word_1_6' title='bbox 1323 192 1374 229; x_wconf 89' lang='lat' dir='ltr'>U.</span> <span class='ocrx_word' id='word_1_7' title='bbox 1406 179 1526 241; x_wconf 71' lang='grc'>530]</span> 
     </span>
    </p>
   </div>
   <div class='ocr_carea' id='block_1_2' title="bbox 245 330 2097 2635">
    <p class='ocr_par' dir='ltr' id='par_1_2' title="bbox 250 330 2097 1679">
     <span class='ocr_line' id='line_1_2' title="bbox 253 330 2094 384; baseline 0.003 -16"><span class='ocrx_word' id='word_1_8' title='bbox 253 330 399 377; x_wconf 78' lang='lat' dir='ltr'>duxit,</span> <span class='ocrx_word' id='word_1_9' title='bbox 425 331 591 380; x_wconf 87' lang='lat' dir='ltr'>partim</span> <span class='ocrx_word' id='word_1_10' title='bbox 614 335 665 369; x_wconf 91' lang='lat' dir='ltr'>ut</span> <span class='ocrx_word' id='word_1_11' title='bbox 689 332 830 371; x_wconf 89' lang='lat' dir='ltr'>socios</span> <span class='ocrx_word' id='word_1_12' title='bbox 852 332 1013 382; x_wconf 89' lang='lat' dir='ltr'>populi</span> <span class='ocrx_word' id='word_1_13' title='bbox 1045 332 1234 372; x_wconf 71' lang='lat' dir='ltr'>Romani</span> <span class='ocrx_word' id='word_1_14' title='bbox 1266 331 1543 384; x_wconf 63' lang='lat' dir='ltr'>temptareff,</span> <span class='ocrx_word' id='word_1_15' title='bbox 1568 334 1735 384; x_wconf 89' lang='lat' dir='ltr'>partim</span> <span class='ocrx_word' id='word_1_16' title='bbox 1765 338 1816 373; x_wconf 88' lang='lat' dir='ltr'>ut</span> <span class='ocrx_word' id='word_1_17' title='bbox 1846 335 2094 374; x_wconf 79' lang='lat' dir='ltr'>exercitum</span> 
     </span>
     <span class='ocr_line' id='line_1_3' title="bbox 258 399 2091 453; baseline 0.003 -17"><span class='ocrx_word' id='word_1_18' title='bbox 258 411 392 437; x_wconf 89' lang='lat' dir='ltr'>suum</span> <span class='ocrx_word' id='word_1_19' title='bbox 432 399 478 437; x_wconf 90' lang='lat' dir='ltr'>in</span> <span class='ocrx_word' id='word_1_20' title='bbox 519 400 640 450; x_wconf 84' lang='lat' dir='ltr'>agris</span> <span class='ocrx_word' id='word_1_21' title='bbox 675 400 905 438; x_wconf 88' lang='lat' dir='ltr'>frumento</span> <span class='ocrx_word' id='word_1_22' title='bbox 935 400 1274 440; x_wconf 81' lang='lat' dir='ltr'>abundantibus</span> <span class='ocrx_word' id='word_1_23' title='bbox 1306 401 1459 441; x_wconf 87' lang='lat' dir='ltr'>aleret.</span> <span class='ocrx_word' id='word_1_24' title='bbox 1541 401 1667 440; x_wconf 86' lang='lat' dir='ltr'>Circa</span> <span class='ocrx_word' id='word_1_25' title='bbox 1704 403 1847 453; x_wconf 82' lang='lat' dir='ltr'>Arpos</span> <span class='ocrx_word' id='word_1_26' title='bbox 1878 406 1922 442; x_wconf 88' lang='lat' dir='ltr'>et</span> <span class='ocrx_word' id='word_1_27' title='bbox 1953 403 2091 442; x_wconf 91' lang='lat' dir='ltr'>Luce-</span> 
     </span>
     <span class='ocr_line' id='line_1_4' title="bbox 253 466 2096 521; baseline 0.003 -17"><span class='ocrx_word' id='word_1_28' title='bbox 253 466 366 505; x_wconf 84' lang='lat' dir='ltr'>riam</span> <span class='ocrx_word' id='word_1_29' title='bbox 389 470 533 506; x_wconf 84' lang='lat' dir='ltr'>castra</span> <span class='ocrx_word' id='word_1_30' title='bbox 556 467 676 507; x_wconf 82' lang='lat' dir='ltr'>fecit.</span> <span class='ocrx_word' id='word_1_31' title='bbox 742 467 787 507; x_wconf 84' lang='lat' dir='ltr'>C.</span> <span class='ocrx_word' id='word_1_32' title='bbox 812 467 1035 507; x_wconf 86' lang='lat' dir='ltr'>Servilius</span> <span class='ocrx_word' id='word_1_33' title='bbox 1053 469 1225 517; x_wconf 88' lang='lat' dir='ltr'>consul,</span> <span class='ocrx_word' id='word_1_34' title='bbox 1247 473 1490 520; x_wconf 78' lang='lat' dir='ltr'>postquam</span> <span class='ocrx_word' id='word_1_35' title='bbox 1507 469 1561 508; x_wconf 92' lang='lat' dir='ltr'>de</span> <span class='ocrx_word' id='word_1_36' title='bbox 1579 470 1762 519; x_wconf 78' lang='lat' dir='ltr'>collegae</span> <span class='ocrx_word' id='word_1_37' title='bbox 1781 471 2096 521; x_wconf 79' lang='lat' dir='ltr'>exercitusque</span> 
     </span>
     <span class='ocr_line' id='line_1_5' title="bbox 254 534 2095 588; baseline 0.003 -16"><span class='ocrx_word' id='word_1_38' title='bbox 254 534 370 573; x_wconf 85' lang='lat' dir='ltr'>caede</span> <span class='ocrx_word' id='word_1_39' title='bbox 392 535 584 581; x_wconf 82' lang='lat' dir='ltr'>audivit,</span> <span class='ocrx_word' id='word_1_40' title='bbox 607 548 709 574; x_wconf 90' lang='lat' dir='ltr'>cum</span> <span class='ocrx_word' id='word_1_41' title='bbox 731 537 826 575; x_wconf 92' lang='lat' dir='ltr'>suis</span> <span class='ocrx_word' id='word_1_42' title='bbox 848 536 1105 587; x_wconf 79' lang='lat' dir='ltr'>legionibus</span> <span class='ocrx_word' id='word_1_43' title='bbox 1128 537 1317 576; x_wconf 85' lang='lat' dir='ltr'>Romam</span> <span class='ocrx_word' id='word_1_44' title='bbox 1337 551 1497 577; x_wconf 89' lang='lat' dir='ltr'>versus</span> <span class='ocrx_word' id='word_1_45' title='bbox 1533 539 1762 588; x_wconf 80' lang='lat' dir='ltr'>profectus</span> <span class='ocrx_word' id='word_1_46' title='bbox 1783 543 1866 585; x_wconf 86' lang='lat' dir='ltr'>est,</span> <span class='ocrx_word' id='word_1_47' title='bbox 1886 551 1941 578; x_wconf 90' lang='lat' dir='ltr'>ne</span> <span class='ocrx_word' id='word_1_48' title='bbox 1971 539 2095 578; x_wconf 89' lang='lat' dir='ltr'>abes-</span> 
     </span>
     <span class='ocr_line' id='line_1_6' title="bbox 253 603 2096 646; baseline 0.002 -4"><span class='ocrx_word' id='word_1_49' title='bbox 253 607 320 642; x_wconf 88' lang='lat' dir='ltr'>set</span> <span class='ocrx_word' id='word_1_50' title='bbox 350 603 397 641; x_wconf 89' lang='grc'>111</span> <span class='ocrx_word' id='word_1_51' title='bbox 427 603 686 643; x_wconf 79' lang='lat' dir='ltr'>discrimine</span> <span class='ocrx_word' id='word_1_52' title='bbox 721 610 935 645; x_wconf 77' lang='lat' dir='ltr'>extremo.</span> <span class='ocrx_word' id='word_1_53' title='bbox 999 605 1253 644; x_wconf 70' lang='lat' dir='ltr'>Verebatur</span> <span class='ocrx_word' id='word_1_54' title='bbox 1283 606 1403 644; x_wconf 89' lang='lat' dir='ltr'>enim</span> <span class='ocrx_word' id='word_1_55' title='bbox 1435 619 1490 645; x_wconf 89' lang='lat' dir='ltr'>ne</span> <span class='ocrx_word' id='word_1_56' title='bbox 1522 605 1752 645; x_wconf 87' lang='lat' dir='ltr'>Hannibal</span> <span class='ocrx_word' id='word_1_57' title='bbox 1782 612 1902 646; x_wconf 86' lang='lat' dir='ltr'>recto</span> <span class='ocrx_word' id='word_1_58' title='bbox 1934 607 2096 646; x_wconf 89' lang='lat' dir='ltr'>itinere</span> 
     </span>
     <span class='ocr_line' id='line_1_7' title="bbox 253 670 2097 722; baseline 0.003 -14"><span class='ocrx_word' id='word_1_59' title='bbox 253 670 413 710; x_wconf 88' lang='lat' dir='ltr'>urbem</span> <span class='ocrx_word' id='word_1_60' title='bbox 436 671 624 710; x_wconf 83' lang='lat' dir='ltr'>Romam</span> <span class='ocrx_word' id='word_1_61' title='bbox 646 671 846 722; x_wconf 74' lang='lat' dir='ltr'>peteret2.</span> <span class='ocrx_word' id='word_1_62' title='bbox 912 672 962 710; x_wconf 93' lang='lat' dir='ltr'>In</span> <span class='ocrx_word' id='word_1_63' title='bbox 1002 673 1109 711; x_wconf 88' lang='lat' dir='ltr'>urbe</span> <span class='ocrx_word' id='word_1_64' title='bbox 1140 678 1292 713; x_wconf 89' lang='lat' dir='ltr'>autem</span> <span class='ocrx_word' id='word_1_65' title='bbox 1323 687 1499 714; x_wconf 86' lang='lat' dir='ltr'>summa</span> <span class='ocrx_word' id='word_1_66' title='bbox 1531 676 1830 714; x_wconf 76' lang='lat' dir='ltr'>consternatio</span> <span class='ocrx_word' id='word_1_67' title='bbox 1851 687 2005 714; x_wconf 91' lang='lat' dir='ltr'>omnes</span> <span class='ocrx_word' id='word_1_68' title='bbox 2032 687 2097 713; x_wconf 91' lang='lat' dir='ltr'>or-</span> 
     </span>
     <span class='ocr_line' id='line_1_8' title="bbox 252 737 2095 789; baseline 0.003 -13"><span class='ocrx_word' id='word_1_69' title='bbox 252 737 381 777; x_wconf 83' lang='lat' dir='ltr'>dines</span> <span class='ocrx_word' id='word_1_70' title='bbox 403 744 594 789; x_wconf 77' lang='lat' dir='ltr'>ceperat.</span> <span class='ocrx_word' id='word_1_71' title='bbox 660 739 854 779; x_wconf 65' lang='lat' dir='ltr'>Senatus</span> <span class='ocrx_word' id='word_1_72' title='bbox 886 740 932 787; x_wconf 86' lang='lat' dir='ltr'>Q.</span> <span class='ocrx_word' id='word_1_73' title='bbox 960 740 1154 780; x_wconf 88' lang='lat' dir='ltr'>Fabium</span> <span class='ocrx_word' id='word_1_74' title='bbox 1185 742 1440 781; x_wconf 81' lang='lat' dir='ltr'>Maximum</span> <span class='ocrx_word' id='word_1_75' title='bbox 1471 743 1751 789; x_wconf 87' lang='lat' dir='ltr'>dictatorem,</span> <span class='ocrx_word' id='word_1_76' title='bbox 1784 747 1828 782; x_wconf 91' lang='lat' dir='ltr'>et</span> <span class='ocrx_word' id='word_1_77' title='bbox 1857 743 1917 782; x_wconf 92' lang='lat' dir='ltr'>M.</span> <span class='ocrx_word' id='word_1_78' title='bbox 1948 743 2095 781; x_wconf 88' lang='lat' dir='ltr'>Minu-</span> 
     </span>
     <span class='ocr_line' id='line_1_9' title="bbox 253 806 2096 860; baseline 0.002 -15"><span class='ocrx_word' id='word_1_79' title='bbox 253 807 372 845; x_wconf 87' lang='lat' dir='ltr'>cium</span> <span class='ocrx_word' id='word_1_80' title='bbox 393 806 568 846; x_wconf 80' lang='lat' dir='ltr'>Rufum</span> <span class='ocrx_word' id='word_1_81' title='bbox 590 809 864 859; x_wconf 81' lang='lat' dir='ltr'>magistrum</span> <span class='ocrx_word' id='word_1_82' title='bbox 887 811 1094 860; x_wconf 85' lang='lat' dir='ltr'>equitum</span> <span class='ocrx_word' id='word_1_83' title='bbox 1119 811 1302 858; x_wconf 69' lang='lat' dir='ltr'>creavit,</span> <span class='ocrx_word' id='word_1_84' title='bbox 1329 816 1373 849; x_wconf 92' lang='lat' dir='ltr'>et</span> <span class='ocrx_word' id='word_1_85' title='bbox 1395 811 1593 850; x_wconf 76' lang='lat' dir='ltr'>decrevit</span> <span class='ocrx_word' id='word_1_86' title='bbox 1616 816 1666 850; x_wconf 89' lang='lat' dir='ltr'>ut</span> <span class='ocrx_word' id='word_1_87' title='bbox 1688 811 1881 850; x_wconf 66' lang='lat' dir='ltr'>dictator</span> <span class='ocrx_word' id='word_1_88' title='bbox 1901 823 1927 849; x_wconf 89' lang='lat' dir='ltr'>a</span> <span class='ocrx_word' id='word_1_89' title='bbox 1950 810 2096 851; x_wconf 83' lang='lat' dir='ltr'>Servi-</span> 
     </span>
     <span class='ocr_line' id='line_1_10' title="bbox 251 875 2095 930; baseline 0.004 -17"><span class='ocrx_word' id='word_1_90' title='bbox 251 875 312 914; x_wconf 91' lang='lat' dir='ltr'>lio</span> <span class='ocrx_word' id='word_1_91' title='bbox 334 877 516 915; x_wconf 88' lang='lat' dir='ltr'>consule</span> <span class='ocrx_word' id='word_1_92' title='bbox 547 878 796 917; x_wconf 80' lang='lat' dir='ltr'>exercitum</span> <span class='ocrx_word' id='word_1_93' title='bbox 828 877 1084 929; x_wconf 86' lang='lat' dir='ltr'>acciperet³,</span> <span class='ocrx_word' id='word_1_94' title='bbox 1111 884 1154 918; x_wconf 90' lang='lat' dir='ltr'>et</span> <span class='ocrx_word' id='word_1_95' title='bbox 1184 892 1324 918; x_wconf 87' lang='lat' dir='ltr'>novas</span> <span class='ocrx_word' id='word_1_96' title='bbox 1352 880 1556 930; x_wconf 76' lang='lat' dir='ltr'>legiones</span> <span class='ocrx_word' id='word_1_97' title='bbox 1592 880 1806 919; x_wconf 77' lang='lat' dir='ltr'>scriberet</span> <span class='ocrx_word' id='word_1_98' title='bbox 1826 879 1949 920; x_wconf 90' lang='lat' dir='ltr'>duas.</span> <span class='ocrx_word' id='word_1_99' title='bbox 2013 878 2095 920; x_wconf 82' lang='lat' dir='ltr'>His</span> 
     </span>
     <span class='ocr_line' id='line_1_11' title="bbox 255 944 2096 998; baseline 0.002 -16"><span class='ocrx_word' id='word_1_100' title='bbox 255 944 391 983; x_wconf 89' lang='lat' dir='ltr'>rebus</span> <span class='ocrx_word' id='word_1_101' title='bbox 421 947 628 995; x_wconf 86' lang='lat' dir='ltr'>peractis,</span> <span class='ocrx_word' id='word_1_102' title='bbox 655 946 823 986; x_wconf 85' lang='lat' dir='ltr'>Fabius</span> <span class='ocrx_word' id='word_1_103' title='bbox 846 947 1076 998; x_wconf 76' lang='lat' dir='ltr'>extemplo</span> <span class='ocrx_word' id='word_1_104' title='bbox 1106 948 1355 986; x_wconf 79' lang='lat' dir='ltr'>exercitum</span> <span class='ocrx_word' id='word_1_105' title='bbox 1379 948 1433 986; x_wconf 89' lang='lat' dir='ltr'>ad</span> <span class='ocrx_word' id='word_1_106' title='bbox 1455 947 1633 987; x_wconf 79' lang='lat' dir='ltr'>hostem</span> <span class='ocrx_word' id='word_1_107' title='bbox 1664 948 1893 998; x_wconf 78' lang='lat' dir='ltr'>perduxit,</span> <span class='ocrx_word' id='word_1_108' title='bbox 1915 960 1965 987; x_wconf 87' lang='lat' dir='ltr'>ac</span> <span class='ocrx_word' id='word_1_109' title='bbox 1999 960 2096 986; x_wconf 88' lang='lat' dir='ltr'>mu-</span> 
     </span>
     <span class='ocr_line' id='line_1_12' title="bbox 251 1013 2094 1066; baseline 0.003 -16"><span class='ocrx_word' id='word_1_110' title='bbox 251 1013 479 1052; x_wconf 86' lang='lat' dir='ltr'>nitissimo</span> <span class='ocrx_word' id='word_1_111' title='bbox 514 1014 609 1052; x_wconf 90' lang='lat' dir='ltr'>loco</span> <span class='ocrx_word' id='word_1_112' title='bbox 645 1014 768 1053; x_wconf 88' lang='lat' dir='ltr'>haud</span> <span class='ocrx_word' id='word_1_113' title='bbox 804 1015 962 1065; x_wconf 89' lang='lat' dir='ltr'>procul</span> <span class='ocrx_word' id='word_1_114' title='bbox 998 1016 1130 1066; x_wconf 85' lang='lat' dir='ltr'>Arpis</span> <span class='ocrx_word' id='word_1_115' title='bbox 1168 1020 1312 1054; x_wconf 87' lang='lat' dir='ltr'>castra</span> <span class='ocrx_word' id='word_1_116' title='bbox 1347 1017 1510 1066; x_wconf 78' lang='lat' dir='ltr'>posuit.</span> <span class='ocrx_word' id='word_1_117' title='bbox 1573 1016 1802 1054; x_wconf 84' lang='lat' dir='ltr'>Hannibal</span> <span class='ocrx_word' id='word_1_118' title='bbox 1842 1017 1938 1056; x_wconf 91' lang='lat' dir='ltr'>sine</span> <span class='ocrx_word' id='word_1_119' title='bbox 1969 1021 2094 1055; x_wconf 71' lang='lat' dir='ltr'>mora.</span> 
     </span>
     <span class='ocr_line' id='line_1_13' title="bbox 251 1081 2096 1135; baseline 0.002 -17"><span class='ocrx_word' id='word_1_120' title='bbox 251 1081 394 1119; x_wconf 81' lang='lat' dir='ltr'>aciem</span> <span class='ocrx_word' id='word_1_121' title='bbox 418 1082 652 1129; x_wconf 76' lang='lat' dir='ltr'>instruxit,</span> <span class='ocrx_word' id='word_1_122' title='bbox 682 1082 895 1133; x_wconf 81' lang='lat' dir='ltr'>hostique</span> <span class='ocrx_word' id='word_1_123' title='bbox 926 1084 1099 1134; x_wconf 88' lang='lat' dir='ltr'>copiam</span> <span class='ocrx_word' id='word_1_124' title='bbox 1129 1084 1365 1135; x_wconf 83' lang='lat' dir='ltr'>pugnandi</span> <span class='ocrx_word' id='word_1_125' title='bbox 1397 1083 1533 1124; x_wconf 79' lang='lat' dir='ltr'>fecit⁴.</span> <span class='ocrx_word' id='word_1_126' title='bbox 1596 1084 1656 1122; x_wconf 92' lang='lat' dir='ltr'>At</span> <span class='ocrx_word' id='word_1_127' title='bbox 1687 1084 1869 1132; x_wconf 87' lang='lat' dir='ltr'>Fabius,</span> <span class='ocrx_word' id='word_1_128' title='bbox 1895 1096 2096 1135; x_wconf 83' lang='lat' dir='ltr'>pugnam</span> 
     </span>
     <span class='ocr_line' id='line_1_14' title="bbox 254 1148 2095 1201; baseline 0.003 -15"><span class='ocrx_word' id='word_1_129' title='bbox 254 1148 524 1196; x_wconf 87' lang='lat' dir='ltr'>detrectans,</span> <span class='ocrx_word' id='word_1_130' title='bbox 545 1163 592 1189; x_wconf 88' lang='lat' dir='ltr'>se</span> <span class='ocrx_word' id='word_1_131' title='bbox 613 1152 798 1201; x_wconf 79' lang='lat' dir='ltr'>quietus</span> <span class='ocrx_word' id='word_1_132' title='bbox 818 1152 865 1189; x_wconf 89' lang='grc'>111</span> <span class='ocrx_word' id='word_1_133' title='bbox 888 1152 1046 1191; x_wconf 86' lang='lat' dir='ltr'>castris</span> <span class='ocrx_word' id='word_1_134' title='bbox 1077 1153 1238 1192; x_wconf 87' lang='lat' dir='ltr'>tenuit.</span> <span class='ocrx_word' id='word_1_135' title='bbox 1302 1152 1608 1192; x_wconf 74' lang='lat' dir='ltr'>Existimabat</span> <span class='ocrx_word' id='word_1_136' title='bbox 1638 1153 1773 1199; x_wconf 89' lang='lat' dir='ltr'>enim,</span> <span class='ocrx_word' id='word_1_137' title='bbox 1794 1152 2095 1191; x_wconf 87' lang='lat' dir='ltr'>Hannibalem</span> 
     </span>
     <span class='ocr_line' id='line_1_15' title="bbox 250 1217 2096 1272; baseline 0.003 -18"><span class='ocrx_word' id='word_1_138' title='bbox 250 1217 295 1254; x_wconf 90' lang='lat' dir='ltr'>in</span> <span class='ocrx_word' id='word_1_139' title='bbox 318 1217 429 1256; x_wconf 80' lang='lat' dir='ltr'>acie⁵</span> <span class='ocrx_word' id='word_1_140' title='bbox 455 1219 574 1257; x_wconf 80' lang='lat' dir='ltr'>vinci</span> <span class='ocrx_word' id='word_1_141' title='bbox 596 1231 686 1257; x_wconf 90' lang='lat' dir='ltr'>non</span> <span class='ocrx_word' id='word_1_142' title='bbox 716 1232 862 1269; x_wconf 87' lang='lat' dir='ltr'>posse,</span> <span class='ocrx_word' id='word_1_143' title='bbox 888 1232 1143 1271; x_wconf 78' lang='lat' dir='ltr'>novamque</span> <span class='ocrx_word' id='word_1_144' title='bbox 1166 1221 1251 1259; x_wconf 92' lang='lat' dir='ltr'>sibi</span> <span class='ocrx_word' id='word_1_145' title='bbox 1274 1233 1376 1259; x_wconf 88' lang='grc'>011111</span> <span class='ocrx_word' id='word_1_146' title='bbox 1407 1233 1458 1259; x_wconf 92' lang='lat' dir='ltr'>eo</span> <span class='ocrx_word' id='word_1_147' title='bbox 1487 1220 1722 1272; x_wconf 83' lang='lat' dir='ltr'>pugnandi</span> <span class='ocrx_word' id='word_1_148' title='bbox 1745 1221 1967 1261; x_wconf 90' lang='lat' dir='ltr'>rationem</span> <span class='ocrx_word' id='word_1_149' title='bbox 1998 1233 2096 1260; x_wconf 87' lang='lat' dir='ltr'>esse</span> 
     </span>
     <span class='ocr_line' id='line_1_16' title="bbox 251 1286 2095 1337; baseline 0.002 -14"><span class='ocrx_word' id='word_1_150' title='bbox 251 1286 585 1336; x_wconf 84' lang='lat' dir='ltr'>experiendam.</span> <span class='ocrx_word' id='word_1_151' title='bbox 649 1286 894 1335; x_wconf 86' lang='lat' dir='ltr'>Hannibal,</span> <span class='ocrx_word' id='word_1_152' title='bbox 921 1289 1100 1337; x_wconf 80' lang='lat' dir='ltr'>cognito</span> <span class='ocrx_word' id='word_1_153' title='bbox 1127 1289 1376 1328; x_wconf 82' lang='lat' dir='ltr'>adversarii</span> <span class='ocrx_word' id='word_1_154' title='bbox 1411 1289 1611 1336; x_wconf 85' lang='lat' dir='ltr'>consilio,</span> <span class='ocrx_word' id='word_1_155' title='bbox 1646 1292 1791 1328; x_wconf 87' lang='lat' dir='ltr'>castra</span> <span class='ocrx_word' id='word_1_156' title='bbox 1824 1289 1978 1328; x_wconf 89' lang='lat' dir='ltr'>crebro</span> <span class='ocrx_word' id='word_1_157' title='bbox 2007 1301 2095 1327; x_wconf 90' lang='lat' dir='ltr'>mo-</span> 
     </span>
     <span class='ocr_line' id='line_1_17' title="bbox 250 1355 2095 1409; baseline 0.001 -16"><span class='ocrx_word' id='word_1_158' title='bbox 250 1355 410 1402; x_wconf 85' lang='lat' dir='ltr'>vendo,</span> <span class='ocrx_word' id='word_1_159' title='bbox 437 1360 638 1407; x_wconf 75' lang='lat' dir='ltr'>agroque</span> <span class='ocrx_word' id='word_1_160' title='bbox 661 1357 885 1395; x_wconf 90' lang='lat' dir='ltr'>sociorum</span> <span class='ocrx_word' id='word_1_161' title='bbox 906 1357 1182 1407; x_wconf 86' lang='lat' dir='ltr'>populando,</span> <span class='ocrx_word' id='word_1_162' title='bbox 1209 1358 1414 1396; x_wconf 80' lang='lat' dir='ltr'>animum</span> <span class='ocrx_word' id='word_1_163' title='bbox 1435 1357 1670 1397; x_wconf 87' lang='lat' dir='ltr'>dictatoris</span> <span class='ocrx_word' id='word_1_164' title='bbox 1705 1358 1879 1409; x_wconf 74' lang='lat' dir='ltr'>agitare</span> <span class='ocrx_word' id='word_1_165' title='bbox 1901 1369 2095 1407; x_wconf 90' lang='lat' dir='ltr'>eumque</span> 
     </span>
     <span class='ocr_line' id='line_1_18' title="bbox 250 1424 2093 1476; baseline 0.001 -15"><span class='ocrx_word' id='word_1_166' title='bbox 250 1424 372 1461; x_wconf 88' lang='lat' dir='ltr'>omni</span> <span class='ocrx_word' id='word_1_167' title='bbox 395 1425 526 1463; x_wconf 77' lang='lat' dir='ltr'>niodo</span> <span class='ocrx_word' id='word_1_168' title='bbox 547 1424 604 1462; x_wconf 90' lang='lat' dir='ltr'>ad</span> <span class='ocrx_word' id='word_1_169' title='bbox 626 1425 925 1476; x_wconf 82' lang='lat' dir='ltr'>pugnandum</span> <span class='ocrx_word' id='word_1_170' title='bbox 948 1425 1167 1464; x_wconf 85' lang='lat' dir='ltr'>lacessere</span> <span class='ocrx_word' id='word_1_171' title='bbox 1191 1426 1338 1476; x_wconf 87' lang='lat' dir='ltr'>coepit.</span> <span class='ocrx_word' id='word_1_172' title='bbox 1402 1425 1461 1464; x_wconf 87' lang='lat' dir='ltr'>At</span> <span class='ocrx_word' id='word_1_173' title='bbox 1487 1425 1670 1473; x_wconf 86' lang='lat' dir='ltr'>Fabius,</span> <span class='ocrx_word' id='word_1_174' title='bbox 1695 1426 1869 1464; x_wconf 91' lang='lat' dir='ltr'>modico</span> <span class='ocrx_word' id='word_1_175' title='bbox 1889 1425 1944 1464; x_wconf 89' lang='lat' dir='ltr'>ab</span> <span class='ocrx_word' id='word_1_176' title='bbox 1965 1425 2093 1464; x_wconf 89' lang='lat' dir='ltr'>hoste</span> 
     </span>
     <span class='ocr_line' id='line_1_19' title="bbox 250 1491 2093 1545; baseline 0.002 -16"><span class='ocrx_word' id='word_1_177' title='bbox 250 1491 505 1539; x_wconf 80' lang='lat' dir='ltr'>intervallo,</span> <span class='ocrx_word' id='word_1_178' title='bbox 532 1505 613 1543; x_wconf 88' lang='lat' dir='ltr'>per</span> <span class='ocrx_word' id='word_1_179' title='bbox 633 1493 730 1531; x_wconf 88' lang='lat' dir='ltr'>loca</span> <span class='ocrx_word' id='word_1_180' title='bbox 752 1493 845 1531; x_wconf 86' lang='lat' dir='ltr'>alta</span> <span class='ocrx_word' id='word_1_181' title='bbox 866 1506 1027 1545; x_wconf 83' lang='lat' dir='ltr'>agmen</span> <span class='ocrx_word' id='word_1_182' title='bbox 1053 1492 1262 1542; x_wconf 79' lang='lat' dir='ltr'>ducere⁶;</span> <span class='ocrx_word' id='word_1_183' title='bbox 1293 1493 1471 1533; x_wconf 83' lang='lat' dir='ltr'>hostem</span> <span class='ocrx_word' id='word_1_184' title='bbox 1502 1506 1649 1544; x_wconf 87' lang='lat' dir='ltr'>neque</span> <span class='ocrx_word' id='word_1_185' title='bbox 1680 1494 1921 1542; x_wconf 87' lang='lat' dir='ltr'>omittere⁷,</span> <span class='ocrx_word' id='word_1_186' title='bbox 1947 1506 2093 1544; x_wconf 89' lang='lat' dir='ltr'>neque</span> 
     </span>
     <span class='ocr_line' id='line_1_20' title="bbox 252 1559 2090 1614; baseline 0.001 -15"><span class='ocrx_word' id='word_1_187' title='bbox 252 1559 508 1612; x_wconf 76' lang='lat' dir='ltr'>congredi⁸3</span> <span class='ocrx_word' id='word_1_188' title='bbox 552 1561 681 1600; x_wconf 70' lang='lat' dir='ltr'>nulla</span> <span class='ocrx_word' id='word_1_189' title='bbox 715 1561 912 1612; x_wconf 88' lang='lat' dir='ltr'>denique</span> <span class='ocrx_word' id='word_1_190' title='bbox 961 1562 1232 1602; x_wconf 88' lang='lat' dir='ltr'>Hannibalis</span> <span class='ocrx_word' id='word_1_191' title='bbox 1271 1566 1366 1601; x_wconf 88' lang='lat' dir='ltr'>arte</span> <span class='ocrx_word' id='word_1_192' title='bbox 1410 1562 1582 1602; x_wconf 76' lang='lat' dir='ltr'>moveri</span> <span class='ocrx_word' id='word_1_193' title='bbox 1617 1566 1668 1601; x_wconf 88' lang='lat' dir='ltr'>ut</span> <span class='ocrx_word' id='word_1_194' title='bbox 1705 1562 1880 1603; x_wconf 71' lang='lat' dir='ltr'>collatis</span> <span class='ocrx_word' id='word_1_195' title='bbox 1929 1561 2090 1614; x_wconf 81' lang='lat' dir='ltr'>signis⁹</span> 
     </span>
     <span class='ocr_line' id='line_1_21' title="bbox 251 1633 687 1679; baseline 0.005 -13"><span class='ocrx_word' id='word_1_196' title='bbox 251 1640 354 1667; x_wconf 80' lang='lat' dir='ltr'>cuni</span> <span class='ocrx_word' id='word_1_197' title='bbox 377 1641 427 1667; x_wconf 92' lang='lat' dir='ltr'>eo</span> <span class='ocrx_word' id='word_1_198' title='bbox 448 1633 687 1679; x_wconf 72' lang='lat' dir='ltr'>pugnaret.</span> 
     </span>
    </p>

    <p class='ocr_par' dir='ltr' id='par_1_3' title="bbox 245 1696 2092 2635">
     <span class='ocr_line' id='line_1_22' title="bbox 305 1696 2090 1750; baseline 0.001 -15"><span class='ocrx_word' id='word_1_199' title='bbox 305 1696 410 1736; x_wconf 86' lang='lat' dir='ltr'>Haec</span> <span class='ocrx_word' id='word_1_200' title='bbox 431 1697 541 1735; x_wconf 89' lang='lat' dir='ltr'>belli</span> <span class='ocrx_word' id='word_1_201' title='bbox 571 1697 758 1748; x_wconf 82' lang='lat' dir='ltr'>gerendi</span> <span class='ocrx_word' id='word_1_202' title='bbox 789 1699 904 1737; x_wconf 86' lang='lat' dir='ltr'>ratio</span> <span class='ocrx_word' id='word_1_203' title='bbox 934 1711 1023 1737; x_wconf 91' lang='lat' dir='ltr'>non</span> <span class='ocrx_word' id='word_1_204' title='bbox 1053 1699 1199 1750; x_wconf 84' lang='lat' dir='ltr'>magis</span> <span class='ocrx_word' id='word_1_205' title='bbox 1231 1698 1534 1737; x_wconf 86' lang='lat' dir='ltr'>Hannibalem</span> <span class='ocrx_word' id='word_1_206' title='bbox 1565 1698 1757 1745; x_wconf 78' lang='lat' dir='ltr'>hostem,</span> <span class='ocrx_word' id='word_1_207' title='bbox 1782 1710 1918 1748; x_wconf 88' lang='lat' dir='ltr'>quam</span> <span class='ocrx_word' id='word_1_208' title='bbox 1939 1698 2090 1748; x_wconf 91' lang='lat' dir='ltr'>ipsum</span> 
     </span>
     <span class='ocr_line' id='line_1_23' title="bbox 250 1764 2092 1816; baseline 0.001 -14"><span class='ocrx_word' id='word_1_209' title='bbox 250 1764 501 1804; x_wconf 88' lang='lat' dir='ltr'>Minucium</span> <span class='ocrx_word' id='word_1_210' title='bbox 519 1770 779 1815; x_wconf 89' lang='lat' dir='ltr'>ceterosque</span> <span class='ocrx_word' id='word_1_211' title='bbox 798 1766 934 1805; x_wconf 86' lang='lat' dir='ltr'>duces</span> <span class='ocrx_word' id='word_1_212' title='bbox 952 1770 996 1805; x_wconf 90' lang='lat' dir='ltr'>et</span> <span class='ocrx_word' id='word_1_213' title='bbox 1013 1767 1219 1806; x_wconf 78' lang='lat' dir='ltr'>tribunos</span> <span class='ocrx_word' id='word_1_214' title='bbox 1240 1766 1441 1805; x_wconf 85' lang='lat' dir='ltr'>militum</span> <span class='ocrx_word' id='word_1_215' title='bbox 1464 1767 1682 1806; x_wconf 70' lang='lat' dir='ltr'>irritabat.</span> <span class='ocrx_word' id='word_1_216' title='bbox 1740 1765 1968 1805; x_wconf 86' lang='lat' dir='ltr'>Minucius</span> <span class='ocrx_word' id='word_1_217' title='bbox 1990 1778 2092 1816; x_wconf 92' lang='lat' dir='ltr'>quo-</span> 
     </span>
     <span class='ocr_line' id='line_1_24' title="bbox 249 1833 2091 1885; baseline 0.002 -15"><span class='ocrx_word' id='word_1_218' title='bbox 249 1833 360 1871; x_wconf 88' lang='lat' dir='ltr'>tidie</span> <span class='ocrx_word' id='word_1_219' title='bbox 388 1833 654 1873; x_wconf 88' lang='lat' dir='ltr'>dictatorem</span> <span class='ocrx_word' id='word_1_220' title='bbox 682 1834 803 1884; x_wconf 90' lang='lat' dir='ltr'>apud</span> <span class='ocrx_word' id='word_1_221' title='bbox 828 1835 1035 1873; x_wconf 74' lang='lat' dir='ltr'>tribunos</span> <span class='ocrx_word' id='word_1_222' title='bbox 1067 1834 1269 1873; x_wconf 89' lang='lat' dir='ltr'>militum</span> <span class='ocrx_word' id='word_1_223' title='bbox 1303 1835 1570 1884; x_wconf 86' lang='lat' dir='ltr'>equitesque</span> <span class='ocrx_word' id='word_1_224' title='bbox 1597 1834 1774 1873; x_wconf 88' lang='lat' dir='ltr'>timoris</span> <span class='ocrx_word' id='word_1_225' title='bbox 1802 1846 1853 1872; x_wconf 88' lang='lat' dir='ltr'>ac</span> <span class='ocrx_word' id='word_1_226' title='bbox 1889 1835 2091 1885; x_wconf 82' lang='lat' dir='ltr'>segnitiae</span> 
     </span>
     <span class='ocr_line' id='line_1_25' title="bbox 249 1900 2088 1952; baseline 0.001 -14"><span class='ocrx_word' id='word_1_227' title='bbox 249 1901 499 1940; x_wconf 77' lang='lat' dir='ltr'>accusabat.</span> <span class='ocrx_word' id='word_1_228' title='bbox 564 1900 633 1939; x_wconf 90' lang='lat' dir='ltr'>Ita</span> <span class='ocrx_word' id='word_1_229' title='bbox 656 1901 826 1940; x_wconf 84' lang='lat' dir='ltr'>factum</span> <span class='ocrx_word' id='word_1_230' title='bbox 850 1906 930 1949; x_wconf 85' lang='lat' dir='ltr'>est,</span> <span class='ocrx_word' id='word_1_231' title='bbox 953 1906 1003 1940; x_wconf 85' lang='lat' dir='ltr'>ut</span> <span class='ocrx_word' id='word_1_232' title='bbox 1025 1902 1176 1941; x_wconf 85' lang='lat' dir='ltr'>Romae</span> <span class='ocrx_word' id='word_1_233' title='bbox 1199 1914 1378 1952; x_wconf 91' lang='lat' dir='ltr'>quoque</span> <span class='ocrx_word' id='word_1_234' title='bbox 1399 1902 1631 1940; x_wconf 89' lang='lat' dir='ltr'>dictatoris</span> <span class='ocrx_word' id='word_1_235' title='bbox 1661 1901 1902 1952; x_wconf 89' lang='lat' dir='ltr'>prudentia</span> <span class='ocrx_word' id='word_1_236' title='bbox 1922 1902 1969 1939; x_wconf 92' lang='lat' dir='ltr'>in</span> <span class='ocrx_word' id='word_1_237' title='bbox 1991 1913 2088 1940; x_wconf 89' lang='lat' dir='ltr'>con-</span> 
     </span>
     <span class='ocr_line' id='line_1_26' title="bbox 249 1968 2090 2021; baseline 0 -14"><span class='ocrx_word' id='word_1_238' title='bbox 249 1973 473 2019; x_wconf 88' lang='lat' dir='ltr'>temptum</span> <span class='ocrx_word' id='word_1_239' title='bbox 491 1974 680 2016; x_wconf 80' lang='lat' dir='ltr'>veniret,</span> <span class='ocrx_word' id='word_1_240' title='bbox 697 1974 740 2008; x_wconf 89' lang='lat' dir='ltr'>et</span> <span class='ocrx_word' id='word_1_241' title='bbox 760 1970 927 2009; x_wconf 86' lang='lat' dir='ltr'>Fabius</span> <span class='ocrx_word' id='word_1_242' title='bbox 943 1983 1024 2021; x_wconf 85' lang='lat' dir='ltr'>per</span> <span class='ocrx_word' id='word_1_243' title='bbox 1036 1971 1287 2009; x_wconf 88' lang='lat' dir='ltr'>ludibrium</span> <span class='ocrx_word' id='word_1_244' title='bbox 1309 1973 1338 1989; x_wconf 90' lang='lat'><strong>“</strong></span> <span class='ocrx_word' id='word_1_245' title='bbox 1357 1970 1599 2009; x_wconf 68' lang='lat' dir='ltr'>Cunctator</span> <span class='ocrx_word' id='word_1_246' title='bbox 1615 1970 1639 1986; x_wconf 87' lang='lat'>’&#39;</span> <span class='ocrx_word' id='word_1_247' title='bbox 1654 1969 1972 2020; x_wconf 79' lang='lat' dir='ltr'>appellaretur.</span> <span class='ocrx_word' id='word_1_248' title='bbox 2008 1968 2090 2008; x_wconf 92' lang='lat' dir='ltr'>His</span> 
     </span>
     <span class='ocr_line' id='line_1_27' title="bbox 249 2038 2090 2088; baseline 0 -13"><span class='ocrx_word' id='word_1_249' title='bbox 249 2038 383 2076; x_wconf 89' lang='lat' dir='ltr'>rebus</span> <span class='ocrx_word' id='word_1_250' title='bbox 405 2038 627 2077; x_wconf 87' lang='lat' dir='ltr'>adductus</span> <span class='ocrx_word' id='word_1_251' title='bbox 649 2043 716 2078; x_wconf 85' lang='lat' dir='ltr'>est</span> <span class='ocrx_word' id='word_1_252' title='bbox 739 2043 924 2078; x_wconf 75' lang='lat' dir='ltr'>senatus</span> <span class='ocrx_word' id='word_1_253' title='bbox 949 2044 997 2077; x_wconf 89' lang='lat' dir='ltr'>ut</span> <span class='ocrx_word' id='word_1_254' title='bbox 1019 2039 1212 2078; x_wconf 89' lang='lat' dir='ltr'>Fabium</span> <span class='ocrx_word' id='word_1_255' title='bbox 1234 2039 1576 2088; x_wconf 84' lang='lat' dir='ltr'>Minuciumque</span> <span class='ocrx_word' id='word_1_256' title='bbox 1597 2038 1794 2088; x_wconf 70' lang='lat' dir='ltr'>aequales</span> <span class='ocrx_word' id='word_1_257' title='bbox 1824 2038 1870 2075; x_wconf 90' lang='lat' dir='ltr'>in</span> <span class='ocrx_word' id='word_1_258' title='bbox 1900 2038 2090 2088; x_wconf 90' lang='lat' dir='ltr'>imperio</span> 
     </span>
     <span class='ocr_line' id='line_1_28' title="bbox 248 2105 2083 2157; baseline 0 -13"><span class='ocrx_word' id='word_1_259' title='bbox 248 2118 345 2144; x_wconf 90' lang='lat' dir='ltr'>esse</span> <span class='ocrx_word' id='word_1_260' title='bbox 375 2107 569 2157; x_wconf 71' lang='lat' dir='ltr'>J&#39;uberet.</span> <span class='ocrx_word' id='word_1_261' title='bbox 628 2107 849 2146; x_wconf 76' lang='lat' dir='ltr'>Convenit</span> <span class='ocrx_word' id='word_1_262' title='bbox 879 2108 998 2146; x_wconf 90' lang='lat' dir='ltr'>inter</span> <span class='ocrx_word' id='word_1_263' title='bbox 1029 2112 1273 2157; x_wconf 87' lang='lat' dir='ltr'>utrumque</span> <span class='ocrx_word' id='word_1_264' title='bbox 1296 2111 1346 2145; x_wconf 87' lang='lat' dir='ltr'>ut</span> <span class='ocrx_word' id='word_1_265' title='bbox 1377 2107 1579 2157; x_wconf 75' lang='lat' dir='ltr'>legiones</span> <span class='ocrx_word' id='word_1_266' title='bbox 1610 2107 1728 2144; x_wconf 85' lang='lat' dir='ltr'>inter</span> <span class='ocrx_word' id='word_1_267' title='bbox 1749 2118 1796 2145; x_wconf 91' lang='lat' dir='ltr'>se</span> <span class='ocrx_word' id='word_1_268' title='bbox 1817 2105 2083 2144; x_wconf 88' lang='lat' dir='ltr'>dividerent.</span> 
     </span>
     <span class='ocr_line' id='line_1_29' title="bbox 248 2173 2088 2225; baseline -0.001 -13"><span class='ocrx_word' id='word_1_269' title='bbox 248 2174 415 2212; x_wconf 86' lang='lat' dir='ltr'>Castris</span> <span class='ocrx_word' id='word_1_270' title='bbox 429 2187 607 2225; x_wconf 87' lang='lat' dir='ltr'>quoque</span> <span class='ocrx_word' id='word_1_271' title='bbox 621 2188 668 2214; x_wconf 91' lang='lat' dir='ltr'>se</span> <span class='ocrx_word' id='word_1_272' title='bbox 686 2175 917 2225; x_wconf 67' lang='lat' dir='ltr'>separari1⁰</span> <span class='ocrx_word' id='word_1_273' title='bbox 936 2175 1166 2214; x_wconf 88' lang='lat' dir='ltr'>Minucius</span> <span class='ocrx_word' id='word_1_274' title='bbox 1182 2175 1342 2225; x_wconf 83' lang='lat' dir='ltr'>voluit,</span> <span class='ocrx_word' id='word_1_275' title='bbox 1364 2187 1454 2225; x_wconf 90' lang='lat' dir='ltr'>quo</span> <span class='ocrx_word' id='word_1_276' title='bbox 1470 2175 1651 2213; x_wconf 79' lang='lat' dir='ltr'>facilius</span> <span class='ocrx_word' id='word_1_277' title='bbox 1668 2175 1732 2213; x_wconf 89' lang='lat' dir='ltr'>rei</span> <span class='ocrx_word' id='word_1_278' title='bbox 1753 2174 1866 2212; x_wconf 88' lang='lat' dir='ltr'>bene</span> <span class='ocrx_word' id='word_1_279' title='bbox 1882 2173 2088 2225; x_wconf 81' lang='lat' dir='ltr'>gerendae</span> 
     </span>
     <span class='ocr_line' id='line_1_30' title="bbox 247 2243 2088 2293; baseline 0 -12"><span class='ocrx_word' id='word_1_280' title='bbox 247 2243 560 2282; x_wconf 83' lang='lat' dir='ltr'>occasionem¹¹</span> <span class='ocrx_word' id='word_1_281' title='bbox 579 2243 779 2283; x_wconf 74' lang='lat' dir='ltr'>haberet.</span> <span class='ocrx_word' id='word_1_282' title='bbox 839 2244 904 2282; x_wconf 89' lang='lat' dir='ltr'>Ea</span> <span class='ocrx_word' id='word_1_283' title='bbox 926 2245 1097 2282; x_wconf 82' lang='lat' dir='ltr'>occasio</span> <span class='ocrx_word' id='word_1_284' title='bbox 1127 2243 1252 2282; x_wconf 89' lang='lat' dir='ltr'>haud</span> <span class='ocrx_word' id='word_1_285' title='bbox 1273 2245 1351 2283; x_wconf 92' lang='lat' dir='ltr'>diu</span> <span class='ocrx_word' id='word_1_286' title='bbox 1372 2244 1520 2282; x_wconf 82' lang='lat' dir='ltr'>defuit</span> <span class='ocrx_word' id='word_1_287' title='bbox 1549 2244 1762 2289; x_wconf 86' lang='lat' dir='ltr'>Minucio,</span> <span class='ocrx_word' id='word_1_288' title='bbox 1788 2244 1880 2293; x_wconf 88' lang='lat' dir='ltr'>qui,</span> <span class='ocrx_word' id='word_1_289' title='bbox 1902 2247 2088 2281; x_wconf 86' lang='lat' dir='ltr'>temera-</span> 
     </span>
     <span class='ocr_line' id='line_1_31' title="bbox 247 2310 2081 2361; baseline 0.001 -13"><span class='ocrx_word' id='word_1_290' title='bbox 247 2311 312 2349; x_wconf 92' lang='lat' dir='ltr'>rio</span> <span class='ocrx_word' id='word_1_291' title='bbox 344 2311 520 2361; x_wconf 87' lang='lat' dir='ltr'>impetu</span> <span class='ocrx_word' id='word_1_292' title='bbox 543 2312 589 2349; x_wconf 93' lang='lat' dir='ltr'>in</span> <span class='ocrx_word' id='word_1_293' title='bbox 612 2311 774 2350; x_wconf 86' lang='lat' dir='ltr'>Poenos</span> <span class='ocrx_word' id='word_1_294' title='bbox 797 2312 930 2358; x_wconf 83' lang='lat' dir='ltr'>facto,</span> <span class='ocrx_word' id='word_1_295' title='bbox 950 2312 997 2350; x_wconf 89' lang='lat' dir='ltr'>in</span> <span class='ocrx_word' id='word_1_296' title='bbox 1019 2311 1210 2351; x_wconf 89' lang='lat' dir='ltr'>insidias</span> <span class='ocrx_word' id='word_1_297' title='bbox 1231 2313 1317 2350; x_wconf 88' lang='lat' dir='ltr'>sibi</span> <span class='ocrx_word' id='word_1_298' title='bbox 1341 2312 1396 2350; x_wconf 89' lang='lat' dir='ltr'>ab</span> <span class='ocrx_word' id='word_1_299' title='bbox 1417 2311 1672 2350; x_wconf 87' lang='lat' dir='ltr'>Hannibale</span> <span class='ocrx_word' id='word_1_300' title='bbox 1696 2315 1889 2350; x_wconf 87' lang='lat' dir='ltr'>structas</span> <span class='ocrx_word' id='word_1_301' title='bbox 1911 2310 2081 2350; x_wconf 88' lang='lat' dir='ltr'>incidit.</span> 
     </span>
     <span class='ocr_line' id='line_1_32' title="bbox 248 2377 2087 2430; baseline 0.001 -14"><span class='ocrx_word' id='word_1_302' title='bbox 248 2377 486 2429; x_wconf 85' lang='lat' dir='ltr'>Ingentem</span> <span class='ocrx_word' id='word_1_303' title='bbox 506 2379 677 2418; x_wconf 87' lang='lat' dir='ltr'>cladem</span> <span class='ocrx_word' id='word_1_304' title='bbox 695 2380 957 2430; x_wconf 83' lang='lat' dir='ltr'>accepisset,</span> <span class='ocrx_word' id='word_1_305' title='bbox 974 2380 1018 2417; x_wconf 89' lang='lat' dir='ltr'>ni</span> <span class='ocrx_word' id='word_1_306' title='bbox 1037 2379 1219 2426; x_wconf 91' lang='lat' dir='ltr'>Fabius,</span> <span class='ocrx_word' id='word_1_307' title='bbox 1241 2383 1477 2430; x_wconf 84' lang='lat' dir='ltr'>perspecto</span> <span class='ocrx_word' id='word_1_308' title='bbox 1499 2379 1679 2429; x_wconf 76' lang='lat' dir='ltr'>collegae</span> <span class='ocrx_word' id='word_1_309' title='bbox 1694 2379 1908 2429; x_wconf 82' lang='lat' dir='ltr'>periculo,</span> <span class='ocrx_word' id='word_1_310' title='bbox 1929 2391 1980 2417; x_wconf 88' lang='lat' dir='ltr'>ac</span> <span class='ocrx_word' id='word_1_311' title='bbox 1993 2379 2087 2418; x_wconf 89' lang='lat' dir='ltr'>suis</span> 
     </span>
     <span class='ocr_line' id='line_1_33' title="bbox 246 2446 2086 2498; baseline 0.001 -13"><span class='ocrx_word' id='word_1_312' title='bbox 246 2447 503 2498; x_wconf 79' lang='lat' dir='ltr'>legionibus</span> <span class='ocrx_word' id='word_1_313' title='bbox 544 2460 598 2486; x_wconf 77' lang='lat' dir='ltr'>ex</span> <span class='ocrx_word' id='word_1_314' title='bbox 634 2449 790 2486; x_wconf 89' lang='lat' dir='ltr'>castris</span> <span class='ocrx_word' id='word_1_315' title='bbox 826 2447 1015 2494; x_wconf 85' lang='lat' dir='ltr'>eductis,</span> <span class='ocrx_word' id='word_1_316' title='bbox 1043 2448 1229 2486; x_wconf 86' lang='lat' dir='ltr'>Minucii</span> <span class='ocrx_word' id='word_1_317' title='bbox 1267 2448 1518 2485; x_wconf 80' lang='lat' dir='ltr'>exercitum</span> <span class='ocrx_word' id='word_1_318' title='bbox 1555 2447 1610 2485; x_wconf 90' lang='lat' dir='ltr'>ab</span> <span class='ocrx_word' id='word_1_319' title='bbox 1642 2446 1850 2485; x_wconf 78' lang='lat' dir='ltr'>hostibus</span> <span class='ocrx_word' id='word_1_320' title='bbox 1887 2448 2086 2486; x_wconf 90' lang='lat' dir='ltr'>cinctum</span> 
     </span>
     <span class='ocr_line' id='line_1_34' title="bbox 245 2502 2086 2566; baseline 0 -13"><span class='ocrx_word' id='word_1_321' title='bbox 245 2515 494 2554; x_wconf 85' lang='lat' dir='ltr'>liberasset.</span> <span class='ocrx_word' id='word_1_322' title='bbox 559 2515 676 2554; x_wconf 87' lang='lat' dir='ltr'>Tum</span> <span class='ocrx_word' id='word_1_323' title='bbox 697 2515 927 2554; x_wconf 87' lang='lat' dir='ltr'>Minucius</span> <span class='ocrx_word' id='word_1_324' title='bbox 949 2522 1094 2553; x_wconf 87' lang='lat' dir='ltr'>castra</span> <span class='ocrx_word' id='word_1_325' title='bbox 1109 2528 1191 2554; x_wconf 89' lang='lat' dir='ltr'>sua</span> <span class='ocrx_word' id='word_1_326' title='bbox 1212 2528 1315 2554; x_wconf 85' lang='lat' dir='ltr'>cum</span> <span class='ocrx_word' id='word_1_327' title='bbox 1334 2502 1651 2566; x_wconf 76' lang='lat' dir='ltr'>Fabio¹²jungi</span> <span class='ocrx_word' id='word_1_328' title='bbox 1672 2515 1824 2566; x_wconf 82' lang='lat' dir='ltr'>jussit,</span> <span class='ocrx_word' id='word_1_329' title='bbox 1843 2515 2086 2565; x_wconf 86' lang='lat' dir='ltr'>ipsumque</span> 
     </span>
     <span class='ocr_line' id='line_1_35' title="bbox 247 2582 2082 2635; baseline 0 -15"><span class='ocrx_word' id='word_1_330' title='bbox 247 2582 452 2631; x_wconf 82' lang='lat' dir='ltr'>Fabium,</span> <span class='ocrx_word' id='word_1_331' title='bbox 480 2584 565 2623; x_wconf 89' lang='lat' dir='ltr'>sub</span> <span class='ocrx_word' id='word_1_332' title='bbox 587 2584 626 2635; x_wconf 88' lang='lat' dir='ltr'>ej</span> <span class='ocrx_word' id='word_1_333' title='bbox 638 2597 688 2623; x_wconf 91' lang='lat' dir='ltr'>us</span> <span class='ocrx_word' id='word_1_334' title='bbox 713 2585 954 2634; x_wconf 88' lang='lat' dir='ltr'>imperium</span> <span class='ocrx_word' id='word_1_335' title='bbox 978 2584 1168 2630; x_wconf 88' lang='lat' dir='ltr'>rediens,</span> <span class='ocrx_word' id='word_1_336' title='bbox 1190 2584 1391 2634; x_wconf 88' lang='lat' dir='ltr'>parentis</span> <span class='ocrx_word' id='word_1_337' title='bbox 1409 2584 1505 2622; x_wconf 90' lang='grc'>1000</span> <span class='ocrx_word' id='word_1_338' title='bbox 1520 2582 1709 2622; x_wconf 82' lang='lat' dir='ltr'>coluit¹³.</span> <span class='ocrx_word' id='word_1_339' title='bbox 1768 2583 1940 2621; x_wconf 88' lang='lat' dir='ltr'>Deinde</span> <span class='ocrx_word' id='word_1_340' title='bbox 1958 2582 2082 2620; x_wconf 82' lang='lat' dir='ltr'>Fabii</span> 
     </span>
    </p>
   </div>
   <div class='ocr_carea' id='block_1_3' title="bbox 265 2673 1747 2686">
    <p class='ocr_par' dir='ltr' id='par_1_4' title="bbox 265 2673 1747 2686">
     <span class='ocr_line' id='line_1_36' title="bbox 265 2673 1747 2686; baseline 0 0"><span class='ocrx_word' id='word_1_341' title='bbox 265 2673 1747 2686; x_wconf 95' lang='lat' dir='ltr'> </span> 
     </span>
    </p>
   </div>
   <div class='ocr_carea' id='block_1_4' title="bbox 246 2724 2085 3098">
    <p class='ocr_par' dir='ltr' id='par_1_5' title="bbox 246 2724 2085 3098">
     <span class='ocr_line' id='line_1_37' title="bbox 294 2724 2083 2768; baseline -0.002 -9"><span class='ocrx_word' id='word_1_342' title='bbox 294 2729 304 2749; x_wconf 90' lang='lat'>1</span> <span class='ocrx_word' id='word_1_343' title='bbox 325 2729 444 2760; x_wconf 53' lang='lat' dir='ltr'>is&#39;oez’os</span> <span class='ocrx_word' id='word_1_344' title='bbox 476 2730 664 2768; x_wconf 58' lang='lat' dir='ltr'>temptare,</span> <span class='ocrx_word' id='word_1_345' title='bbox 692 2730 731 2761; x_wconf 92' lang='lat' dir='ltr'>to</span> <span class='ocrx_word' id='word_1_346' title='bbox 754 2730 874 2768; x_wconf 79' lang='lat' dir='ltr'>tempt</span> <span class='ocrx_word' id='word_1_347' title='bbox 898 2728 962 2760; x_wconf 88' lang='lat' dir='ltr'>the</span> <span class='ocrx_word' id='word_1_348' title='bbox 985 2727 1093 2759; x_wconf 82' lang='lat' dir='ltr'>allics</span> <span class='ocrx_word' id='word_1_349' title='bbox 1118 2730 1157 2759; x_wconf 87' lang='lat' dir='ltr'>to</span> <span class='ocrx_word' id='word_1_350' title='bbox 1189 2727 1387 2759; x_wconf 77' lang='lat' dir='ltr'>defection.</span> <span class='ocrx_word' id='word_1_351' title='bbox 1402 2726 1468 2748; x_wconf 82' lang='lat'>—2</span> <span class='ocrx_word' id='word_1_352' title='bbox 1486 2726 1646 2758; x_wconf 73' lang='lat' dir='ltr'>Romam</span> <span class='ocrx_word' id='word_1_353' title='bbox 1667 2725 1796 2764; x_wconf 76' lang='lat' dir='ltr'>petere,</span> <span class='ocrx_word' id='word_1_354' title='bbox 1821 2726 1861 2756; x_wconf 92' lang='lat' dir='ltr'>to</span> <span class='ocrx_word' id='word_1_355' title='bbox 1884 2724 2011 2756; x_wconf 83' lang='lat' dir='ltr'>march</span> <span class='ocrx_word' id='word_1_356' title='bbox 2036 2732 2083 2755; x_wconf 92' lang='lat' dir='ltr'>on</span> 
     </span>
     <span class='ocr_line' id='line_1_38' title="bbox 246 2765 2084 2809; baseline -0.002 -9"><span class='ocrx_word' id='word_1_357' title='bbox 246 2768 376 2801; x_wconf 84' lang='lat' dir='ltr'>Rome.</span> <span class='ocrx_word' id='word_1_358' title='bbox 403 2789 431 2793; x_wconf 95' lang='lat'>—</span> <span class='ocrx_word' id='word_1_359' title='bbox 445 2770 458 2790; x_wconf 86' lang='lat'>³</span> <span class='ocrx_word' id='word_1_360' title='bbox 473 2771 506 2802; x_wconf 79' lang='lat' dir='ltr'><em>A</em></span> <span class='ocrx_word' id='word_1_361' title='bbox 526 2770 669 2803; x_wconf 62' lang='lat' dir='ltr'>consule</span> <span class='ocrx_word' id='word_1_362' title='bbox 691 2770 893 2802; x_wconf 50' lang='lat' dir='ltr'>eremitam</span> <span class='ocrx_word' id='word_1_363' title='bbox 910 2770 1081 2809; x_wconf 75' lang='lat' dir='ltr'>accipere,</span> <span class='ocrx_word' id='word_1_364' title='bbox 1099 2773 1136 2800; x_wconf 85' lang='lat' dir='ltr'>to</span> <span class='ocrx_word' id='word_1_365' title='bbox 1162 2768 1320 2800; x_wconf 60' lang='lat' dir='ltr'>succi-cd</span> <span class='ocrx_word' id='word_1_366' title='bbox 1339 2768 1403 2799; x_wconf 81' lang='lat' dir='ltr'>the</span> <span class='ocrx_word' id='word_1_367' title='bbox 1421 2766 1553 2798; x_wconf 63' lang='lat' dir='ltr'>consul</span> <span class='ocrx_word' id='word_1_368' title='bbox 1579 2767 1615 2796; x_wconf 88' lang='lat' dir='ltr'>in</span> <span class='ocrx_word' id='word_1_369' title='bbox 1645 2767 1707 2798; x_wconf 79' lang='lat' dir='ltr'>the</span> <span class='ocrx_word' id='word_1_370' title='bbox 1731 2767 1930 2797; x_wconf 81' lang='lat' dir='ltr'>command</span> <span class='ocrx_word' id='word_1_371' title='bbox 1955 2765 1996 2797; x_wconf 88' lang='lat' dir='ltr'>of</span> <span class='ocrx_word' id='word_1_372' title='bbox 2019 2766 2084 2797; x_wconf 82' lang='lat' dir='ltr'>the</span> 
     </span>
     <span class='ocr_line' id='line_1_39' title="bbox 247 2807 2085 2850; baseline -0.002 -8"><span class='ocrx_word' id='word_1_373' title='bbox 247 2820 348 2850; x_wconf 74' lang='lat' dir='ltr'>army</span> <span class='ocrx_word' id='word_1_374' title='bbox 364 2811 538 2850; x_wconf 67' lang='lat' dir='ltr'>(litcrally</span> <span class='ocrx_word' id='word_1_375' title='bbox 559 2817 580 2827; x_wconf 68' lang='lat'>⁸·</span> <span class='ocrx_word' id='word_1_376' title='bbox 594 2817 631 2843; x_wconf 87' lang='grc'>10</span> <span class='ocrx_word' id='word_1_377' title='bbox 650 2812 795 2843; x_wconf 60' lang='lat' dir='ltr'>recvive</span> <span class='ocrx_word' id='word_1_378' title='bbox 815 2812 878 2842; x_wconf 86' lang='grc'>1110</span> <span class='ocrx_word' id='word_1_379' title='bbox 896 2819 999 2850; x_wconf 83' lang='lat' dir='ltr'>army</span> <span class='ocrx_word' id='word_1_380' title='bbox 1020 2812 1112 2842; x_wconf 77' lang='lat' dir='ltr'>from</span> <span class='ocrx_word' id='word_1_381' title='bbox 1132 2810 1194 2841; x_wconf 84' lang='grc'>1110</span> <span class='ocrx_word' id='word_1_382' title='bbox 1208 2809 1338 2841; x_wconf 62' lang='lat' dir='ltr'>consul</span> <span class='ocrx_word' id='word_1_383' title='bbox 1353 2809 1403 2847; x_wconf 71' lang='lat'>³⁷).</span> <span class='ocrx_word' id='word_1_384' title='bbox 1423 2827 1462 2831; x_wconf 94' lang='lat'><em>-</em></span> <span class='ocrx_word' id='word_1_385' title='bbox 1481 2809 1493 2829; x_wconf 79' lang='lat'>4</span> <span class='ocrx_word' id='word_1_386' title='bbox 1513 2807 1659 2839; x_wconf 68' lang='lat' dir='ltr'>Offcrvtl</span> <span class='ocrx_word' id='word_1_387' title='bbox 1679 2807 1796 2838; x_wconf 78' lang='lat' dir='ltr'>battle</span> <span class='ocrx_word' id='word_1_388' title='bbox 1814 2809 1852 2837; x_wconf 87' lang='lat' dir='ltr'>to</span> <span class='ocrx_word' id='word_1_389' title='bbox 1871 2808 1935 2838; x_wconf 82' lang='grc'>1110</span> <span class='ocrx_word' id='word_1_390' title='bbox 1948 2815 2085 2846; x_wconf 85' lang='lat' dir='ltr'>enemy</span> 
     </span>
     <span class='ocr_line' id='line_1_40' title="bbox 248 2847 2084 2892; baseline -0.003 -9"><span class='ocrx_word' id='word_1_391' title='bbox 248 2852 422 2892; x_wconf 73' lang='lat' dir='ltr'>(literully</span> <span class='ocrx_word' id='word_1_392' title='bbox 442 2852 464 2867; x_wconf 75' lang='lat'>⁶·</span> <span class='ocrx_word' id='word_1_393' title='bbox 484 2853 593 2884; x_wconf 76' lang='lat' dir='ltr'>made</span> <span class='ocrx_word' id='word_1_394' title='bbox 611 2862 656 2884; x_wconf 85' lang='lat' dir='ltr'>an</span> <span class='ocrx_word' id='word_1_395' title='bbox 676 2853 923 2892; x_wconf 80' lang='lat' dir='ltr'>opportunity</span> <span class='ocrx_word' id='word_1_396' title='bbox 941 2853 981 2883; x_wconf 83' lang='lat' dir='ltr'>of</span> <span class='ocrx_word' id='word_1_397' title='bbox 1004 2852 1167 2891; x_wconf 72' lang='lat' dir='ltr'>fighting</span> <span class='ocrx_word' id='word_1_398' title='bbox 1191 2856 1229 2881; x_wconf 87' lang='lat' dir='ltr'>to</span> <span class='ocrx_word' id='word_1_399' title='bbox 1249 2851 1312 2882; x_wconf 76' lang='lat' dir='ltr'>the</span> <span class='ocrx_word' id='word_1_400' title='bbox 1329 2859 1463 2889; x_wconf 83' lang='lat' dir='ltr'>enemy</span> <span class='ocrx_word' id='word_1_401' title='bbox 1479 2850 1529 2883; x_wconf 59' lang='lat' dir='ltr'>’&#39;l.</span> <span class='ocrx_word' id='word_1_402' title='bbox 1545 2867 1585 2871; x_wconf 91' lang='lat'>—</span> <span class='ocrx_word' id='word_1_403' title='bbox 1600 2849 1668 2880; x_wconf 83' lang='lat' dir='ltr'>⁵In</span> <span class='ocrx_word' id='word_1_404' title='bbox 1688 2857 1707 2879; x_wconf 77' lang='lat' dir='ltr'>a</span> <span class='ocrx_word' id='word_1_405' title='bbox 1725 2847 1879 2887; x_wconf 77' lang='lat' dir='ltr'>pirched</span> <span class='ocrx_word' id='word_1_406' title='bbox 1898 2847 2030 2879; x_wconf 78' lang='lat' dir='ltr'>battle.</span> <span class='ocrx_word' id='word_1_407' title='bbox 2044 2864 2084 2870; x_wconf 88' lang='lat'>—-</span> 
     </span>
     <span class='ocr_line' id='line_1_41' title="bbox 248 2889 2084 2931; baseline -0.001 -8"><span class='ocrx_word' id='word_1_408' title='bbox 248 2894 262 2913; x_wconf 66' lang='grc' dir='ltr'>ὓ</span> <span class='ocrx_word' id='word_1_409' title='bbox 277 2893 482 2925; x_wconf 65' lang='lat' dir='ltr'>Ilistorical</span> <span class='ocrx_word' id='word_1_410' title='bbox 502 2894 699 2925; x_wconf 73' lang='lat' dir='ltr'>infinitivo.</span> <span class='ocrx_word' id='word_1_411' title='bbox 720 2912 759 2916; x_wconf 92' lang='lat'><strong>—</strong></span> <span class='ocrx_word' id='word_1_412' title='bbox 776 2894 791 2914; x_wconf 93' lang='lat'><em>⁷</em></span> <span class='ocrx_word' id='word_1_413' title='bbox 809 2894 957 2926; x_wconf 71' lang='lat' dir='ltr'>Hostem</span> <span class='ocrx_word' id='word_1_414' title='bbox 973 2894 1149 2926; x_wconf 67' lang='lat' dir='ltr'>omittere,</span> <span class='ocrx_word' id='word_1_415' title='bbox 1171 2897 1209 2923; x_wconf 92' lang='lat' dir='ltr'>to</span> <span class='ocrx_word' id='word_1_416' title='bbox 1228 2892 1307 2924; x_wconf 73' lang='lat' dir='ltr'>lose</span> <span class='ocrx_word' id='word_1_417' title='bbox 1324 2891 1425 2931; x_wconf 77' lang='lat' dir='ltr'>sight.</span> <span class='ocrx_word' id='word_1_418' title='bbox 1443 2891 1485 2922; x_wconf 83' lang='lat' dir='ltr'>os</span> <span class='ocrx_word' id='word_1_419' title='bbox 1507 2891 1570 2921; x_wconf 80' lang='lat' dir='ltr'>the</span> <span class='ocrx_word' id='word_1_420' title='bbox 1587 2898 1732 2929; x_wconf 81' lang='lat' dir='ltr'>enemy.</span> <span class='ocrx_word' id='word_1_421' title='bbox 1752 2907 1791 2911; x_wconf 90' lang='lat'><strong>—</strong></span> <span class='ocrx_word' id='word_1_422' title='bbox 1809 2889 1823 2909; x_wconf 71' lang='grc' dir='ltr'>Β</span> <span class='ocrx_word' id='word_1_423' title='bbox 1841 2889 1990 2921; x_wconf 69' lang='lat' dir='ltr'>Hostem</span> <span class='ocrx_word' id='word_1_424' title='bbox 2006 2897 2084 2921; x_wconf 80' lang='lat' dir='ltr'>eon-</span> 
     </span>
     <span class='ocr_line' id='line_1_42' title="bbox 246 2930 2084 2974; baseline -0.002 -9"><span class='ocrx_word' id='word_1_425' title='bbox 246 2935 364 2973; x_wconf 58' lang='lat' dir='ltr'>(freda</span> <span class='ocrx_word' id='word_1_426' title='bbox 382 2939 420 2965; x_wconf 81' lang='lat' dir='ltr'>to</span> <span class='ocrx_word' id='word_1_427' title='bbox 439 2940 534 2965; x_wconf 64' lang='lat' dir='ltr'>mvct</span> <span class='ocrx_word' id='word_1_428' title='bbox 552 2936 615 2966; x_wconf 75' lang='lat' dir='ltr'>the</span> <span class='ocrx_word' id='word_1_429' title='bbox 636 2944 780 2974; x_wconf 86' lang='lat' dir='ltr'>enemy.</span> <span class='ocrx_word' id='word_1_430' title='bbox 799 2954 839 2958; x_wconf 90' lang='lat'>-</span> <span class='ocrx_word' id='word_1_431' title='bbox 856 2935 870 2956; x_wconf 80' lang='lat'>⁹</span> <span class='ocrx_word' id='word_1_432' title='bbox 889 2934 932 2966; x_wconf 82' lang='lat' dir='ltr'>In</span> <span class='ocrx_word' id='word_1_433' title='bbox 949 2944 970 2966; x_wconf 87' lang='lat' dir='ltr'>a</span> <span class='ocrx_word' id='word_1_434' title='bbox 987 2933 1141 2974; x_wconf 81' lang='lat' dir='ltr'>pitclied</span> <span class='ocrx_word' id='word_1_435' title='bbox 1158 2934 1287 2965; x_wconf 84' lang='lat' dir='ltr'>battle.</span> <span class='ocrx_word' id='word_1_436' title='bbox 1308 2951 1347 2955; x_wconf 97' lang='lat'><strong>—</strong></span> <span class='ocrx_word' id='word_1_437' title='bbox 1366 2933 1398 2954; x_wconf 90' lang='lat'>¹⁰</span> <span class='ocrx_word' id='word_1_438' title='bbox 1417 2932 1554 2964; x_wconf 67' lang='lat' dir='ltr'>Castris</span> <span class='ocrx_word' id='word_1_439' title='bbox 1570 2932 1752 2970; x_wconf 67' lang='lat' dir='ltr'>sepum-ari,</span> <span class='ocrx_word' id='word_1_440' title='bbox 1773 2933 1810 2962; x_wconf 87' lang='lat' dir='ltr'>to</span> <span class='ocrx_word' id='word_1_441' title='bbox 1828 2930 1924 2962; x_wconf 84' lang='lat' dir='ltr'>have</span> <span class='ocrx_word' id='word_1_442' title='bbox 1940 2938 1962 2961; x_wconf 80' lang='lat' dir='ltr'>a</span> <span class='ocrx_word' id='word_1_443' title='bbox 1979 2939 2084 2969; x_wconf 84' lang='lat' dir='ltr'>sepa-</span> 
     </span>
     <span class='ocr_line' id='line_1_43' title="bbox 246 2972 2081 3018; baseline -0.002 -11"><span class='ocrx_word' id='word_1_444' title='bbox 246 2982 325 3007; x_wconf 77' lang='lat' dir='ltr'>rate</span> <span class='ocrx_word' id='word_1_445' title='bbox 350 2984 458 3015; x_wconf 78' lang='lat' dir='ltr'>camp</span> <span class='ocrx_word' id='word_1_446' title='bbox 477 2976 650 3016; x_wconf 63' lang='lat' dir='ltr'>tlitcraIly</span> <span class='ocrx_word' id='word_1_447' title='bbox 683 2979 705 2991; x_wconf 72' lang='lat'>‘⁵</span> <span class='ocrx_word' id='word_1_448' title='bbox 724 2979 763 3008; x_wconf 83' lang='lat' dir='ltr'>to</span> <span class='ocrx_word' id='word_1_449' title='bbox 779 2976 825 3007; x_wconf 84' lang='lat' dir='ltr'>be</span> <span class='ocrx_word' id='word_1_450' title='bbox 851 2975 1047 3015; x_wconf 79' lang='lat' dir='ltr'>separated</span> <span class='ocrx_word' id='word_1_451' title='bbox 1072 2975 1200 3015; x_wconf 76' lang='lat' dir='ltr'>hythe</span> <span class='ocrx_word' id='word_1_452' title='bbox 1227 2983 1333 3012; x_wconf 87' lang='lat' dir='ltr'>camp</span> <span class='ocrx_word' id='word_1_453' title='bbox 1351 2974 1401 3012; x_wconf 74' lang='lat'>⁸⁹).</span> <span class='ocrx_word' id='word_1_454' title='bbox 1421 2991 1461 2996; x_wconf 91' lang='lat'>—</span> <span class='ocrx_word' id='word_1_455' title='bbox 1480 2973 1510 2994; x_wconf 83' lang='lat'>1¹</span> <span class='ocrx_word' id='word_1_456' title='bbox 1535 2972 1681 3004; x_wconf 60' lang='lat' dir='ltr'>Occasio</span> <span class='ocrx_word' id='word_1_457' title='bbox 1704 2972 1757 3003; x_wconf 73' lang='lat' dir='ltr'>rei</span> <span class='ocrx_word' id='word_1_458' title='bbox 1782 2972 1863 3003; x_wconf 71' lang='lat' dir='ltr'>bene</span> <span class='ocrx_word' id='word_1_459' title='bbox 1887 2972 2081 3018; x_wconf 53' lang='grc' dir='ltr'>ῃερέηάαε,</span> 
     </span>
     <span class='ocr_line' id='line_1_44' title="bbox 247 3012 2083 3057; baseline -0.002 -9"><span class='ocrx_word' id='word_1_460' title='bbox 247 3024 293 3048; x_wconf 77' lang='lat' dir='ltr'>an</span> <span class='ocrx_word' id='word_1_461' title='bbox 317 3018 491 3048; x_wconf 84' lang='lat' dir='ltr'>occasion</span> <span class='ocrx_word' id='word_1_462' title='bbox 510 3017 550 3048; x_wconf 82' lang='lat' dir='ltr'>of</span> <span class='ocrx_word' id='word_1_463' title='bbox 573 3017 875 3057; x_wconf 74' lang='lat' dir='ltr'>distinguisliing</span> <span class='ocrx_word' id='word_1_464' title='bbox 893 3016 1055 3048; x_wconf 79' lang='lat' dir='ltr'>himself.</span> <span class='ocrx_word' id='word_1_465' title='bbox 1075 3035 1115 3039; x_wconf 96' lang='lat'><strong>—</strong></span> <span class='ocrx_word' id='word_1_466' title='bbox 1131 3017 1161 3037; x_wconf 80' lang='lat'>¹2</span> <span class='ocrx_word' id='word_1_467' title='bbox 1180 3015 1334 3047; x_wconf 80' lang='lat' dir='ltr'>Instead</span> <span class='ocrx_word' id='word_1_468' title='bbox 1352 3015 1395 3046; x_wconf 83' lang='lat' dir='ltr'>of</span> <span class='ocrx_word' id='word_1_469' title='bbox 1418 3015 1439 3029; x_wconf 75' lang='lat'>‘⁸</span> <span class='ocrx_word' id='word_1_470' title='bbox 1457 3022 1541 3046; x_wconf 79' lang='lat' dir='ltr'>cum</span> <span class='ocrx_word' id='word_1_471' title='bbox 1556 3013 1690 3046; x_wconf 67' lang='lat' dir='ltr'>castris</span> <span class='ocrx_word' id='word_1_472' title='bbox 1706 3012 1818 3045; x_wconf 61' lang='lat' dir='ltr'>Fabii</span> <span class='ocrx_word' id='word_1_473' title='bbox 1835 3013 1871 3052; x_wconf 83' lang='lat'>&#39;&#39;,</span> <span class='ocrx_word' id='word_1_474' title='bbox 1891 3013 1983 3044; x_wconf 83' lang='lat' dir='ltr'>with</span> <span class='ocrx_word' id='word_1_475' title='bbox 2001 3012 2083 3045; x_wconf 81' lang='lat' dir='ltr'>that</span> 
     </span>
     <span class='ocr_line' id='line_1_45' title="bbox 248 3054 2027 3098; baseline -0.003 -9"><span class='ocrx_word' id='word_1_476' title='bbox 248 3058 288 3089; x_wconf 79' lang='lat' dir='ltr'>os</span> <span class='ocrx_word' id='word_1_477' title='bbox 307 3057 459 3090; x_wconf 82' lang='lat' dir='ltr'>Fabius.</span> <span class='ocrx_word' id='word_1_478' title='bbox 478 3077 518 3082; x_wconf 90' lang='lat'><strong>—</strong></span> <span class='ocrx_word' id='word_1_479' title='bbox 537 3058 568 3079; x_wconf 81' lang='lat'>1³</span> <span class='ocrx_word' id='word_1_480' title='bbox 587 3059 758 3091; x_wconf 85' lang='lat' dir='ltr'>Revered</span> <span class='ocrx_word' id='word_1_481' title='bbox 773 3059 913 3091; x_wconf 83' lang='lat' dir='ltr'>Fabius</span> <span class='ocrx_word' id='word_1_482' title='bbox 930 3066 970 3090; x_wconf 82' lang='lat' dir='ltr'>as</span> <span class='ocrx_word' id='word_1_483' title='bbox 987 3058 1044 3090; x_wconf 86' lang='lat' dir='ltr'>his</span> <span class='ocrx_word' id='word_1_484' title='bbox 1060 3060 1193 3098; x_wconf 82' lang='lat' dir='ltr'>parent</span> <span class='ocrx_word' id='word_1_485' title='bbox 1211 3056 1385 3096; x_wconf 78' lang='lat' dir='ltr'>(literally</span> <span class='ocrx_word' id='word_1_486' title='bbox 1415 3055 1439 3071; x_wconf 84' lang='grc'>“</span> <span class='ocrx_word' id='word_1_487' title='bbox 1455 3057 1494 3088; x_wconf 84' lang='lat' dir='ltr'>at</span> <span class='ocrx_word' id='word_1_488' title='bbox 1518 3055 1583 3088; x_wconf 86' lang='lat' dir='ltr'>the</span> <span class='ocrx_word' id='word_1_489' title='bbox 1607 3054 1711 3095; x_wconf 84' lang='lat' dir='ltr'>place</span> <span class='ocrx_word' id='word_1_490' title='bbox 1729 3055 1770 3086; x_wconf 83' lang='lat' dir='ltr'>ot&#39;</span> <span class='ocrx_word' id='word_1_491' title='bbox 1789 3062 1810 3085; x_wconf 84' lang='lat' dir='ltr'>a</span> <span class='ocrx_word' id='word_1_492' title='bbox 1826 3058 1959 3094; x_wconf 84' lang='lat' dir='ltr'>parent</span> <span class='ocrx_word' id='word_1_493' title='bbox 1976 3054 2027 3092; x_wconf 87' lang='grc'>”).</span> 
     </span>
    </p>
   </div>
  </div>
 </body>
</html>
